1747 2620
923 320 935 362 (
961 321 979 360 4
1004 321 1016 363 >

304 407 509 448 gravissima
534 413 584 436 est
609 406 806 446 disceptatio
831 413 1098 448 argumentorum
1109 430 1121 444 ,
1153 419 1229 450 quoe
1254 409 1301 439 ad
1317 409 1528 450 probandam
1553 411 1630 440 ani-

306 480 431 499 morum
466 469 747 498 immortalitatem
777 469 812 497 in
841 468 984 498 medium
1012 470 1196 501 attulerunt
1222 472 1426 513 philosophi.
1477 473 1628 511 Quaestio

308 533 413 574 igitur
437 543 459 561 a
491 531 712 561 Nobilissimo
748 530 872 560 Orctine
898 531 1131 572 Philosophiae
1163 534 1360 565 Theoreticae
1383 541 1416 565 et
1440 535 1629 566 Literarum

306 595 553 624 Humaniorum
579 595 612 624 in
641 593 840 624 Academici
873 592 1090 625 Gandavensi
1120 597 1181 626 hoc
1210 609 1296 627 anno
1320 599 1520 639 proposita,
1553 598 1630 628 visa

305 658 386 688 milti
410 664 462 688 est
482 658 699 698 multiplicem
721 658 763 687 ah
793 658 940 687 utilitate
964 658 1070 688 simul
1092 665 1126 689 et
1153 659 1371 701 jucunditate
1396 662 1516 692 habere
1540 672 1629 691 com-

305 721 565 752 mendationem:
599 727 631 751 et
653 721 766 751 nullus
796 720 970 757 dubitavi,
1008 722 1090 762 quin
1124 723 1336 763 aptissimam
1363 736 1514 766 quoque,
1558 735 1628 766 qua

304 790 416 814 tenues
444 784 570 826 ingenii
598 785 682 814 vires
707 795 905 821 exercerem,
930 785 1094 825 proeberet
1116 787 1301 816 materiam.
1336 786 1395 817 Ita
1420 792 1531 817 autem
1554 797 1628 816 sese

303 847 425 878 habet:
469 859 487 878 >³
503 848 712 890 Expouanmr
736 853 768 878 et
791 847 1009 890 dijudicentur
1031 854 1237 890 argumenta,
1268 859 1339 891 quae
1362 848 1401 879 ad
1430 847 1626 891 probandam

303 922 322 941 ))
338 912 435 942 animi
460 910 730 941 immortalitatem
750 911 783 941 in
808 911 950 941 medium
971 910 1149 942 attulerunt
1173 911 1383 954 philosophi.'’

345 975 407 1004 At
430 985 503 1004 cum
532 973 627 1003 haud
649 985 715 1003 una
744 973 847 1015 hujus
879 974 1079 1015 quoestionis
1105 974 1288 1004 tractandae
1314 975 1401 1005 ratio
1427 985 1501 1005 sese
1529 974 1625 1004 nohis

300 1036 448 1080 offerret,
475 1036 706 1078 aliquamdiu,
735 1047 800 1078 quo
822 1036 954 1066 tandem
978 1035 1072 1066 modo
1088 1036 1210 1076 optime
1231 1036 1475 1072 institueretur,
1502 1036 1625 1066 dubius

300 1101 396 1131 lzoesi.
425 1100 567 1130 Poterat
587 1101 672 1130 enim
694 1100 742 1130 ita
765 1100 924 1135 tractari,
948 1104 985 1129 ut
1009 1099 1151 1130 breviter
1166 1100 1459 1141 philosophorum,
1487 1100 1548 1142 qui
1565 1099 1627 1130 hoc

300 1169 531 1206 argumentum
562 1164 765 1204 attigerunt,
802 1163 977 1193 historiam
1005 1163 1246 1204 percurrendo,
1282 1163 1387 1193 simul
1416 1163 1627 1205 singulorum

299 1227 371 1257 sive
391 1226 686 1257 demonstrationes
708 1227 779 1257 sive
803 1227 948 1257 rationes
964 1226 1161 1268 probabiles
1186 1225 1413 1268 adjicerentur
1439 1231 1544 1268 atque
1566 1237 1626 1256 ex-

293 1295 518 1330 ponerentur5
544 1289 630 1320 unde
654 1289 731 1319 dein
757 1290 868 1319 omnia
893 1290 1085 1320 accuratius
1108 1290 1325 1321 examinandi
1345 1289 1625 1332 dijudicandique

298 1353 393 1383 nobis
423 1353 557 1383 daretur
582 1353 824 1393 opportunitas.
854 1352 988 1384 Verum
1009 1364 1074 1384 non
1095 1354 1219 1394 paucis
1246 1353 1318 1383 haec
1341 1354 1427 1383 ratio
1446 1353 1625 1396 premeba-

299 1421 353 1445 tur
378 1415 644 1458 dffcziltatihus.
675 1415 735 1446 Ita
757 1416 843 1445 enim
866 1421 935 1445 tota
957 1414 1030 1457 fere
1054 1417 1192 1458 scriptio
1220 1417 1255 1447 in
1279 1416 1486 1446 recensendis
1515 1416 1624 1445 nomi—

297 1479 395 1509 nibus
413 1485 514 1521 atque
522 1480 665 1520 placitis
685 1479 938 1515 absolvebatur,
959 1485 994 1509 et
1011 1480 1106 1510 haud
1117 1491 1263 1520 parvam
1278 1479 1402 1520 spatii,
1426 1478 1518 1520 quod
1537 1479 1622 1519 ipsis

291 1542 566 1583 philosophorum
590 1542 796 1584 argumentis
826 1541 1028 1582 exponendis
1056 1541 1253 1578 debebatur,
1279 1546 1413 1582 partem
1438 1541 1500 1571 illa
1524 1551 1623 1571 occu-

290 1610 415 1645 parent
437 1605 618 1645 oportebat.
651 1605 730 1635 Hoc
757 1616 827 1635 vero
852 1604 957 1634 simul
979 1603 1097 1634 exinde
1123 1604 1334 1635 exoriebatur
1359 1603 1618 1640 incommodum,

297 1667 389 1709 quod
411 1669 508 1698 varia
529 1669 695 1698 variorum
719 1669 916 1709 scriptorum
942 1674 1140 1710 argumenta
1166 1669 1284 1699 iterum
1310 1669 1495 1710 iterumque
1518 1679 1621 1708 expo—

295 1730 400 1761 nendo
428 1730 565 1774 majoris
590 1732 745 1762 momenti
772 1732 917 1762 rationes
945 1732 1095 1768 brevius,
1132 1742 1234 1773 quam
1251 1742 1321 1772 par
1346 1736 1438 1767 erat,
1468 1730 1620 1771 explica-

295 1800 424 1832 rentur5
447 1795 582 1825 minoris
604 1801 717 1825 contra
730 1796 837 1836 pretii
853 1802 1050 1838 argumenta
1075 1797 1201 1837 soepius
1224 1801 1453 1837 repeterentur.
1478 1795 1623 1834 Insuper

295 1868 382 1887 nunc
407 1858 584 1894 concinne,
610 1870 696 1888 nunc
720 1859 888 1899 copiosius
911 1858 1076 1901 ejusmodi
1101 1859 1243 1889 historia
1267 1869 1288 1888 a
1311 1857 1514 1888 doctissimis
1536 1857 1618 1887 viris

295 1921 482 1961 conscripta
505 1927 578 1958 est;
606 1932 745 1962 quorum
772 1922 878 1963 igitur
899 1921 1011 1951 labore
1037 1926 1188 1961 excerpto
1210 1926 1313 1962 atque
1335 1921 1370 1950 in
1390 1918 1617 1961 compendium

296 1982 463 2024 quoddam
487 1984 639 2020 redacto,
668 1996 761 2015 omne
791 1996 874 2026 opus
893 1990 1071 2026 peractum
1091 1983 1196 2027 foret.
1233 1984 1343 2023 Quum
1370 1984 1486 2025 itaque
1510 1983 1617 2013 aliam

294 2046 642 2087 circumspiciebamus
678 2046 781 2089 hujus
816 2048 881 2078 loci
920 2047 1088 2078 tractandi
1126 2048 1307 2084 rationem,
1344 2048 1430 2078 satis
1465 2046 1616 2078 idoneam

293 2108 474 2151 quamdam
494 2109 590 2140 nobis
620 2110 785 2142 invenisse
811 2110 968 2142 videmur.
997 2111 1132 2143 Etenim
1153 2122 1219 2142 non
1248 2116 1317 2141 tam
1342 2109 1445 2152 hujus
1475 2110 1515 2141 de
1539 2110 1616 2141 ani-
