1747 2620
882 265 996 307 (58)

280 356 317 376 eo
340 350 377 376 ut
398 345 431 375 in
452 344 594 386 ipsorum
619 341 772 373 cadavere
792 340 923 383 vestigia
945 339 1008 371 ulla
1036 338 1085 370 vel
1105 338 1278 369 fractarum
1304 337 1540 377 vertebrarum,
1561 339 1611 370 vel

281 398 430 430 medullae
452 397 601 435 laesionis,
624 394 941 434 memfflanarumve,
964 393 1013 425 vel
1035 393 1293 424 extravasationis
1312 392 1508 436 liquidorum
1530 404 1623 435 quo-s

280 463 486 495 rumcunque
512 456 637 493 reperta
658 450 781 480 fuerint
804 448 863 489 (1).

325 504 545 537 Persolvendae
561 507 729 534 remanent
748 500 967 532 vertebrarum
985 499 1174 529 luxationes.
1198 499 1292 531 Multi
1312 506 1386 531 sunt
1407 500 1439 531 in
1456 499 1613 531 Medicina

280 560 340 591 viri
367 569 488 601 magnae
509 555 705 588 auctoritatis
730 554 786 597 qui
810 558 929 595 negant
945 551 1164 583 vertebrarum
1181 552 1377 585 luxationem
1400 565 1489 596 posse
1507 553 1615 585 locum

280 613 412 650 habere,
437 611 555 654 absque
576 621 613 641 eo
634 615 672 641 ut
693 609 884 650 frangantur
905 618 968 637 ossa
987 606 1168 637 columnam
1191 608 1359 639 formantia
1379 608 1435 650 (2).
1462 608 1524 639 Alii
1540 613 1615 639 sunt

281 668 336 710 qui
360 667 458 709 ipsam
482 665 612 696 omnino
638 663 813 694 admittunt
836 673 875 692 ex
901 660 1173 692 observationibus
1198 672 1214 691 a
1238 663 1371 692 summis
1394 662 1510 692 iterum
1541 661 1617 693 viris

281 720 410 764 prolatis
432 720 496 761 (3);
524 719 673 761 hancque
691 728 747 747 nos
770 715 995 758 amplectimur
1018 715 1212 757 opinionem.
1239 714 1311 745 Non
1336 714 1559 746 tantummodo
1577 714 1617 745 de

281 775 448 807 existentia
470 774 585 805 harum
610 772 817 803 affectionum
842 770 907 801 fuit
929 769 1145 811 disputatum,
1172 767 1227 799 sed
1248 774 1280 799 et
1300 768 1397 800 etiam
1422 768 1478 811 qui
1501 768 1616 799 harum

282 829 482 860 existentiam
507 827 698 864 admittunt⁷
722 825 760 856 de
778 824 852 855 sede
873 824 1082 854 dissentiunt:
1106 821 1158 852 alii
1176 822 1275 864 ipsam
1295 822 1492 853 luxationem
1510 821 1619 853 locum

282 882 400 913 hahere
423 892 486 911 non
509 890 615 922 posse,
639 878 700 909 nisi
722 878 806 908 inter
827 878 962 919 primam
984 882 1015 906 et
1036 875 1209 906 secundam
1231 875 1411 907 vertebram
1430 875 1619 907 cervicalem

282 940 462 966 asseverant
480 933 546 975 (4);
582 932 636 963 alii
671 931 759 962 illam
785 930 854 961 fieri
882 939 970 971 posse
999 929 1033 958 in
1063 928 1210 959 omnibus
1243 928 1401 960 eolumnae
1436 927 1620 971 regionibus

283 989 396 1022 volunt
421 994 453 1019 et
472 998 512 1018 ne
534 988 635 1029 ipsam
662 984 794 1027 quidem
816 982 997 1014 lumbarem
1024 982 1191 1024 excipiunt
1212 981 1270 1024 (5)
1306 982 1475 1024 Quidquid
1498 982 1529 1012 id
1553 987 1620 1021 est,

283 1043 495 1075 certissimum
515 1041 645 1072 omnino
667 1039 822 1070 habemus
842 1041 875 1067 et
896 1035 1027 1066 omniuo
1045 1046 1107 1065 nou
1126 1034 1355 1074 dubitandum,
1381 1035 1544 1077 regionem
1566 1046 1621 1065 co-

283 1098 403 1129 lumnae
433 1094 618 1128 vertebralis
642 1093 822 1125 lumbarem
841 1091 999 1121 rarissime
1022 1095 1053 1120 et
1078 1100 1175 1131 quam
1202 1088 1388 1119 difficillime
1414 1099 1503 1130 posse
1527 1087 1623 1119 luxa-

286 1152 374 1182 tione
395 1149 491 1188 assici,
515 1159 617 1192 quum
640 1147 739 1189 magis
759 1156 777 1176 e
798 1151 907 1176 contra
929 1144 1006 1175 huic
1027 1143 1262 1173 infaustissimae
1282 1142 1400 1173 laesioni
1425 1141 1558 1173 obnoxia
1584 1143 1623 1173 sit

286 1206 374 1248 regio
394 1203 558 1235 cervicalis
575 1202 640 1243 (6),
662 1200 808 1242 illudque
828 1198 948 1241 pendet
964 1209 980 1228 a
998 1196 1155 1228 soliditate
1175 1202 1207 1227 et
1227 1196 1377 1226 firmitate
1396 1195 1624 1227 fibro-cartila-

287 1260 400 1302 ginum
423 1253 738 1288 intervertebralium
760 1251 871 1295 majori
889 1252 922 1281 in
944 1250 1057 1282 ultima
1073 1249 1211 1281 lumbari
1233 1250 1363 1292 regione
1385 1261 1481 1292 quam
1499 1251 1531 1280 in
1553 1261 1624 1280 cer*

287 1312 392 1344 vicali.
420 1311 556 1342 Luxatio
577 1308 722 1339 omnium
746 1305 963 1348 vulgatissima
983 1303 1113 1335 obvenit
1135 1303 1219 1333 inter
1237 1303 1374 1345 primam
1396 1309 1427 1334 et
1451 1302 1624 1334 secundam

288 1365 476 1398 cervicalem
494 1362 672 1395 vertebram
687 1361 734 1404 (7)
750 1366 782 1391 et
797 1360 866 1391 fere
882 1369 991 1390 omnes
1010 1363 1130 1397 sontes,
1151 1357 1206 1399 qui
1223 1356 1329 1399 laquei
1347 1356 1504 1399 supplicio
1522 1357 1625 1388 inter-

289 1422 468 1457 rimuntur,
489 1417 549 1448 hac
568 1421 707 1459 pereunt
730 1414 906 1445 luxatione.
926 1412 1058 1454 Semper
1077 1416 1109 1441 et
1130 1410 1305 1441 necessario
1328 1409 1416 1441 haud
1437 1409 1625 1452 fugiendam

290 1480 425 1506 mortem
447 1483 556 1503 secum
582 1470 662 1509 fel-[3
690 1468 795 1500 subito
817 1468 901 1499 enim
927 1466 1091 1508 respiratio
1118 1465 1382 1507 interrumpitur,
1412 1475 1451 1494 ex
1478 1475 1515 1495 eo
1540 1464 1626 1507 quod

290 1529 343 1560 illa
365 1540 382 1558 a
404 1527 509 1559 nervis
530 1524 692 1568 phrenicis
710 1528 742 1554 et
760 1520 1015 1553 intercostalibus
1037 1519 1172 1562 pendet,
1194 1530 1332 1561 quorum
1352 1518 1440 1561 origo
1461 1518 1626 1549 luxatione

291 1581 436 1620 laeditur,
465 1578 672 1621 respiratione
706 1582 814 1607 autem
842 1573 1056 1616 interrumpi&
1082 1573 1331 1615 interrumpitur
1353 1578 1385 1603 et
1405 1571 1575 1603 circulatio
1595 1578 1627 1603 et

294 1634 417 1667 cerebri
436 1634 528 1664 actio.
558 1630 714 1662 Reductio
735 1629 808 1661 ossis
829 1640 894 1659 non
913 1634 1016 1671 potest
1037 1627 1177 1666 institui,
1204 1637 1367 1657 summum
1389 1626 1474 1657 enim
1502 1636 1627 1669 semper

311 1711 1603 1727 .-.--——-————-—-———--—-—————-·

353 1770 397 1799 (ι)
414 1768 506 1797 Boyer,
524 1765 614 1788 malad.
634 1764 754 1795 chirurg.,
773 1764 823 1787 vol.
840 1766 874 1787 11.
889 1772 944 1795 pag.
962 1764 998 1787 63.
1020 1763 1143 1786 Editionis
1158 1761 1331 1785 Bruxeliensis.

355 1808 399 1837 (2)
418 1808 452 1830 De
468 1807 565 1836 Mussy,
586 1806 632 1828 lib.
653 1805 741 1834 laud.,
759 1812 817 1835 pag.
840 1806 880 1827 53.

356 1849 400 1877 (3)
419 1847 488 1875 thid,
614 1845 718 1873 ibidem,
764 1852 821 1875 pag.
840 1845 879 1867 54.

357 1889 400 1916 (4)
417 1886 586 1910 Dictionuaire
606 1885 646 1908 des
659 1885 747 1908 scienc.
769 1884 835 1907 me'd.
847 1901 853 1913 ‚
870 1888 919 1906 art.
940 1883 1038 1905 mobile:
1072 1882 1117 1905 „Si
1136 1882 1158 1904 la
1177 1889 1245 1904 cause
1264 1880 1293 1903 de
1314 1880 1337 1902 la
1354 1879 1516 1910 compressiou
1532 1883 1567 1902 est
1583 1886 1630 1902 une

297 1939 310 1952 i>
327 1929 452 1956 luxafiou,
471 1927 598 1950 raceident
614 1930 648 1949 est
666 1933 766 1956 presque
783 1925 930 1948 subitement
947 1923 1045 1951 morte-t,
1066 1931 1134 1953 parce
1149 1930 1194 1953 que
1213 1930 1242 1945 ne
1258 1925 1368 1952 pouvant
1385 1921 1488 1951 s'operer
1502 1928 1548 1951 que
1570 1920 1631 1944 daus

299 1980 311 1992 n
328 1969 502 1993 l'articulation
521 1968 549 1990 de
567 1968 590 1989 la
609 1967 724 1997 premiere
741 1973 781 1988 sur
795 1966 820 1988 la
833 1965 933 1988 seconde
950 1965 1071 1991 vertebre,
1092 1964 1152 1987 etc-'⁷

356 2011 402 2040 (5)
420 2010 482 2032 Vide
499 2009 571 2039 paulo
589 2007 653 2030 infra
671 2007 809 2037 exemplum
829 2006 945 2029 relatum.

359 2051 403 2080 (6)
421 2049 455 2072 De
475 2049 572 2079 Mussy,
591 2048 654 2071 libro
673 2047 786 2076 laudato,
809 2054 866 2077 pag.
889 2047 933 2074 57-

361 2091 402 2120 (7)
436 2089 504 2119 lbid,
629 2087 705 2111 idem,
813 2093 870 2117 pag.
888 2086 931 2108 60.
