1747 2620
668 277 804 320 (101)

71 359 107 384 ut
119 364 224 396 parvae
237 352 459 384 tantummodo
470 352 633 395 sanguinis
645 352 817 395 quantitati
829 352 953 383 exitum
964 351 1120 394 praebeat,
1136 351 1252 383 exinde
1268 353 1415 395 sequitur

70 418 136 437 non
163 413 227 438 tam
254 407 316 438 cito
341 406 435 437 latice
460 418 517 437 suo
542 405 629 438 vitali
649 405 814 437 exhauriri
836 405 1068 437 OEconomiam
1091 405 1284 446 humanam3
1312 413 1415 449 potest

70 466 103 492 et
123 461 219 492 etiam
240 460 360 493 vulnus
383 461 598 491 instrumento
620 459 813 492 vulnerante
833 458 992 499 obturari,
1019 465 1052 491 et
1074 461 1118 490 sic
1139 459 1290 502 impediri
1312 466 1416 503 potest

70 516 243 557 quominus
264 515 392 557 sanguis
414 514 537 546 multus
556 520 722 557 erumpat,
748 513 889 557 denique
914 525 1049 557 grunius
1069 514 1233 557 sanguinis
1258 513 1417 557 coagulati

70 568 187 611 liquori
207 569 351 600 effluenti
373 568 496 600 obicem
518 568 691 612 aliquando
710 569 818 611 ponit,
842 573 996 610 praeterea
1017 567 1043 598 si
1061 567 1181 599 vulnus
1203 566 1332 610 oblique
1353 567 1418 599 fuit

70 622 244 661 inflictum,
265 622 324 654 sub
345 623 563 654 contractione
582 622 685 654 cordis
705 621 805 666 hujus
825 621 932 653 hiatus
953 621 1042 653 haud
1061 632 1197 664 magnus
1212 633 1279 653 esse
1297 627 1416 665 potest,

70 677 192 720 quippe
206 677 281 720 quia
298 677 358 709 hac
374 677 441 720 ipsa
457 678 676 709 contractione
695 681 893 707 coarctatur:
912 675 1042 707 tandem
1058 675 1174 707 ultime
1189 676 1255 718 ipsa
1274 676 1417 708 vulneris

71 730 204 762 directio
223 737 328 774 potest
350 732 383 762 in
407 731 501 763 causa
520 742 587 762 esse
609 741 667 762 cur
687 730 817 772 sanguis
838 730 941 760 omnis
957 741 1023 761 non
1040 730 1102 760 cito
1118 736 1282 772 erumpat:
1300 731 1418 762 scimus

71 786 158 816 enim
180 796 219 816 ex
242 785 401 817 anatomia
422 791 454 816 et
474 796 492 816 e
512 785 637 827 scriptis
658 795 675 814 a
691 783 739 814 De
757 783 858 814 Senac
879 782 972 814 editis
990 789 1139 814 externas
1162 784 1418 815 ventriculorum

72 838 165 870 fibras
190 851 207 870 a
227 838 293 870 basi
318 838 437 878 cordis,
461 838 592 881 obliquo
613 837 746 876 itinere,
773 836 813 868 ad
834 835 979 880 ejusdem
1000 848 1189 869 mucronem
1216 837 1367 870 tendere:
1393 839 1419 869 si

72 899 181 924 autem
201 893 320 924 vulnus
344 893 379 924 in
404 892 521 924 harum
544 893 697 923 fibrarum
722 891 899 922 directione
920 890 1095 934 infligitur,
1121 891 1181 924 sub
1205 893 1316 935 organi
1341 904 1420 924 con-

71 946 227 977 tractione
253 946 323 990 ejus
349 946 456 978 hiatus
484 945 637 977 coarctari
662 944 778 985 debet3
811 956 913 987 quum
941 952 1071 977 econtra
1100 946 1156 977 has
1181 946 1274 978 fibras
1303 948 1336 978 in
1362 947 1420 979 sua

73 999 250 1031 directione
266 1000 411 1031 decussat
429 999 539 1043 plaga,
562 999 657 1031 debet
678 1000 854 1030 necessario
875 999 934 1031 sub
949 1000 1076 1044 singula
1097 1003 1314 1033 contractione
1333 1002 1421 1034 orifi—

73 1055 159 1085 cium
174 1053 317 1086 vulneris
332 1053 436 1093 hiare,
448 1053 664 1096 sanguinique
677 1052 774 1083 simul
786 1059 818 1083 et
830 1054 944 1085 animae
957 1055 1080 1086 exitum
1096 1055 1251 1098 praebere.
1264 1056 1421 1095 Quamvis

73 1113 182 1139 autem
208 1107 258 1138 ha:
283 1118 394 1138 omnes
420 1107 668 1140 circumstantiae
696 1107 793 1138 vitam
819 1108 1007 1150 protrahere
1033 1109 1183 1149 valeant,
1209 1110 1421 1141 nihilominus

72 1167 182 1192 tamen
204 1161 378 1192 necessaria
396 1172 479 1192 mors
494 1172 534 1192 ex
549 1161 599 1191 his
615 1161 777 1203 sequitur,
795 1172 899 1204 eoque
914 1163 976 1193 erit
994 1162 1119 1194 lethum
1137 1163 1317 1204 crudelius,
1335 1164 1421 1208 quod

31 1216 33 1219 ’
73 1216 189 1246 sensim
210 1215 433 1258 paulatimque
455 1226 487 1246 se
502 1215 584 1246 mori
604 1215 745 1245 sentiant
763 1216 896 1246 sauciati
913 1221 947 1247 et
963 1216 1059 1260 longo
1079 1217 1188 1248 dolore
1208 1219 1421 1262 maximisque

73 1268 288 1300 anxietatibus
310 1269 458 1300 exstincti
482 1273 627 1311 pereant.

117 1322 219 1354 Paulo
237 1333 333 1366 supra
354 1322 494 1353 diximus
516 1323 603 1353 vario
622 1323 732 1354 mortis
753 1334 872 1367 genere
892 1323 974 1356 affici
998 1325 1093 1357 corde
1113 1327 1285 1367 sauciatos,
1312 1328 1421 1370 prouti

73 1383 179 1421 partes
198 1377 342 1421 ejusdem
364 1377 461 1410 variae
482 1377 657 1416 laedantur,
681 1377 765 1409 hane
785 1389 874 1410 nunc
895 1380 1086 1411 sententiam
1109 1380 1245 1423 probare
1267 1381 1421 1413 debemus

73 1438 107 1463 et
127 1432 337 1475 investigare,
354 1431 514 1474 quomodo
534 1430 625 1476 juxta
646 1431 774 1474 regulas
792 1431 998 1476 physiologiae
1014 1440 1161 1476 pereant,
1184 1436 1241 1478 qui
1256 1446 1274 1466 e
1290 1435 1421 1467 diversis

76 1486 178 1517 cordis
207 1485 398 1518 vulneribus
427 1485 466 1517 ad
495 1492 601 1528 patres
633 1487 784 1529 migrant.
821 1487 975 1519 Primitus
1005 1488 1231 1531 perquiremus
1262 1489 1422 1532 quomodo

76 1545 209 1582 pereant
235 1540 292 1583 qui
319 1551 373 1571 cor
401 1541 589 1572 arteriosum
616 1539 818 1583 perforatum
844 1541 975 1573 habent.
1009 1542 1069 1573 Cor
1096 1542 1177 1574 illud
1210 1543 1421 1575 indissolubili

77 1605 165 1625 nexu
190 1605 264 1626 cum
289 1594 420 1626 cerebro
441 1596 555 1627 unitur
579 1601 612 1626 et
638 1596 715 1627 huic
739 1597 838 1628 vitam
863 1596 1064 1639 suppeditat,
1089 1597 1352 1641 quandoquidem
1375 1598 1422 1630 illi

77 1647 205 1679 laticem
219 1647 347 1680 vitalem
366 1649 486 1688 mittat,
501 1650 557 1692 qui
573 1648 642 1693 ejus
659 1655 782 1681 motum
799 1650 1068 1694 existentiamque
1083 1650 1140 1682 alit
1152 1650 1216 1694 (1);
1233 1651 1300 1683 haee
1315 1653 1423 1695 opinio

76 1703 305 1745 experimentis
331 1702 486 1746 probatur
512 1715 528 1734 a
550 1703 664 1735 Bichat
688 1704 842 1736 institutis
864 1704 926 1748 (2);
956 1706 982 1736 si
1007 1705 1093 1737 enim
1119 1705 1325 1749 intercipitur
1348 1718 1423 1738 san-

77 1756 184 1799 guinis
208 1755 248 1787 ad
272 1756 474 1801 encephalon
498 1758 576 1797 iter,
601 1758 749 1801 protinus
776 1766 899 1791 cessant
925 1759 1048 1792 cerebri
1075 1761 1157 1792 actio
1185 1766 1218 1792 et
1242 1767 1366 1799 motus3
1397 1762 1423 1792 si

76 1816 184 1842 autern
214 1821 304 1842 nunc
330 1821 434 1843 nexus
463 1811 519 1843 ille
549 1813 730 1856 rumpitur,
760 1813 895 1846 vulnere
920 1815 954 1846 in
979 1814 1083 1846 cordis
1106 1815 1250 1846 arteriosi
1275 1815 1420 1847 auricula

75 1863 215 1901 inflicto,
235 1865 364 1909 sanguis
383 1876 441 1909 per
461 1865 605 1910 ejusdem
622 1867 730 1900 lateris
745 1869 983 1909 ventriculum,
1005 1869 1038 1900 in
1060 1874 1181 1900 aortam
1202 1875 1234 1900 et
1249 1869 1366 1901 exinde
1381 1870 1419 1901 ad

78 1919 246 1950 cerebrum
264 1920 400 1963 propelli
421 1932 486 1952 non
504 1927 623 1964 potest,
643 1923 729 1965 perit
743 1923 912 1955 cerebrum
932 1922 1101 1954 deficiente
1117 1922 1264 1963 stimulo,
1282 1929 1421 1966 pereunt

74 1971 222 2016 ejusdem
247 1974 339 2005 nervi
370 1985 499 2014 omneS,
529 1976 614 2017 perit
644 1978 811 2020 respiratio
836 1976 1004 2008 silentibus
1032 1977 1288 2009 intercostalihus
1312 1978 1419 2009 ⁴nervis

139 2083 172 2113 (1)
190 2083 289 2112 mahat,
307 2091 348 2107 sur
365 2084 389 2107 la
404 2084 444 2107 vie
461 2089 485 2107 et
501 2085 525 2109 la
542 2091 618 2110 mort,
641 2087 701 2119 Pag.
721 2088 776 2110 266.

139 2125 171 2154 (2)
190 2125 272 2153 1bid.‚
428 2125 492 2148 ibid.
639 2127 699 2159 Pag.
718 2128 774 2159 257.
