1747 2620
689 274 803 317 (29)

79 352 189 384 Museo
214 350 440 392 mineralogico
467 348 612 391 amplum
643 348 774 379 accessit
795 346 982 380 divitiarum
1003 348 1240 381 incrementum
1262 360 1302 380 ex
1329 349 1422 382 fossi-

79 407 177 446 lium,
200 417 271 449 quae
287 406 321 436 in
336 404 448 436 Suecia
464 409 590 446 reperta
606 408 699 442 sunt,
719 401 887 433 utilissima
904 402 1002 442 serie,
1023 402 1099 434 cura
1116 409 1148 434 et
1165 402 1270 434 studio
1289 403 1422 435 celebris

79 461 224 492 BEanm
244 458 433 502 composita,
459 469 556 501 quam
581 456 765 499 accepimus
790 467 807 486 a
833 455 1088 498 splendidissimo
1118 457 1242 488 Comite
1271 457 1318 488 DE
1338 458 1423 489 Lon-

80 526 253 546 vaNmELM.
282 513 410 553 Quibus
431 511 611 544 Academiae
632 517 747 542 nostrae
768 508 948 542 fautoribus
973 516 1100 553 gratum
1127 511 1273 543 animum
1293 510 1423 554 publice

82 574 248 600 testamur.

124 623 252 655 Civium
273 622 538 655 Academicorum
560 631 732 659 numerus,
754 619 852 662 hujus
874 619 950 649 anni
966 618 1122 658 decursu,
1140 619 1183 650 ita
1205 625 1366 658 creverat,
1389 626 1426 651 ut

79 677 282 719 frequentior
307 682 404 715 esset,
431 687 528 719 quam
549 685 694 718 unquam
718 679 828 712 antea,
856 684 895 704 ex
925 672 1074 704 omnibus
1102 673 1205 716 Regni
1230 674 1424 716 provinciis,

81 731 120 762 ad
140 731 261 762 scholas
280 737 402 762 nostras
423 730 629 762 alumnorum
649 739 840 767 concursus,
858 728 915 770 qui
931 726 1150 758 ardentissima
1168 726 1312 758 discendi
1331 727 1427 769 cupi-

81 785 157 816 dine
178 791 210 816 et
228 784 352 816 summa
375 796 502 816 morum
518 784 701 822 honestate,
722 782 771 813 uti
787 782 1030 824 magistrorum,
1046 781 1090 812 ita
1105 781 1226 812 civium
1243 787 1427 812 nostrorum

83 839 141 870 sibi
158 839 371 871 conciliarunt
387 849 528 870 amorem
545 843 577 868 et
594 837 849 869 aestimationem.
872 836 918 866 Ac
933 846 1007 866 sane
1024 847 1089 868 non
1104 841 1166 875 est,
1183 847 1242 866 cur
1258 836 1426 874 miremur,

82 892 288 924 Academiam
308 899 447 924 nostram
465 891 552 923 tanta
568 890 727 934 juvenum
750 889 949 932 frequentia,
973 889 1126 932 tantaque
1142 889 1338 932 optimorum
1357 894 1428 919 stu—

83 947 210 979 diorum
231 948 441 990 prosperitate
456 946 585 984 ssorere,
602 956 705 987 quum
727 945 756 975 ei
772 945 936 985 contingat
951 943 1220 986 amplissimorum
1233 942 1427 974 Curatorum

85 1002 262 1043 patrocinio
285 1001 368 1039 frui,
399 1001 456 1042 qui
479 1005 561 1030 artes
582 1004 615 1029 et
634 998 742 1029 literas
760 1009 777 1028 a
800 998 938 1039 pueritia
961 997 1036 1028 inde
1060 998 1208 1036 comites,
1230 1003 1262 1028 et
1281 998 1315 1027 in
1340 997 1428 1028 omni

85 1054 224 1085 fortunae
245 1054 346 1097 gradu
367 1054 530 1095 dignitatis
546 1063 610 1084 suae
632 1052 833 1082 administras
847 1051 1049 1090 habuerunt,
1069 1061 1171 1092 quum
1187 1050 1221 1080 in
1237 1061 1274 1081 ea
1293 1049 1429 1081 doceant

86 1107 298 1146 Professores,
316 1107 372 1149 qui
387 1107 520 1149 gloriam
535 1117 624 1136 suam
642 1111 675 1136 et
693 1105 821 1136 honoris
839 1104 968 1136 laudem
988 1104 1021 1135 id
1036 1115 1074 1135 eo
1089 1110 1231 1147 ponunt,
1249 1110 1286 1136 ut
1303 1104 1428 1135 assiduo

85 1167 118 1193 et
149 1162 306 1192 constanti
334 1160 442 1192 labore
476 1159 627 1203 cupidam
659 1158 827 1190 literarum
856 1157 1062 1203 juventutem
1094 1157 1228 1189 utilibus
1251 1151 1429 1201 *praeceptis

86 1215 289 1258 consiliisque
307 1214 501 1253 informent,
527 1220 624 1256 atque
644 1213 847 1245 institutione
868 1220 901 1245 et
922 1213 1046 1256 scriptis
1066 1213 1268 1256 disciplinam
1291 1213 1428 1256 quisque

85 1281 178 1302 suam
202 1270 330 1313 egregie
353 1275 491 1312 augeant
513 1275 545 1299 et
567 1267 708 1299 ornent?

128 1323 211 1355 Nam
235 1324 296 1355 hoc
323 1334 452 1366 quoque
478 1334 560 1353 auno
589 1334 604 1352 a
631 1321 759 1364 collegis
788 1321 902 1352 nostris
927 1321 959 1352 in
986 1321 1094 1352 lucem
1120 1321 1204 1352 edita
1231 1326 1307 1352 sunt
1333 1332 1431 1364 opera

86 1378 249 1423 quaedam,
272 1389 410 1421 quorum
432 1377 630 1408 mentionem
654 1376 706 1406 hic
733 1376 838 1407 facere
858 1381 985 1418 gratum
1008 1375 1087 1406 milii
1106 1375 1247 1407 osticium
1267 1381 1325 1406 est.

130 1433 167 1464 P.
187 1444 225 1463 nr:
248 1432 389 1462 Rchan
414 1431 616 1462 utilissimam
637 1430 881 1462 Institutionum
903 1430 1176 1462 Justinianearum
1199 1429 1389 1467 editionem,
1412 1441 1428 1459 a

89 1488 259 1519 clarissimo
290 1487 433 1523 Biener,
466 1485 648 1517 Professore
684 1484 900 1524 Berolinensi,
935 1484 1098 1527 vulgatam
1112 1508 1120 1522 ,
1152 1483 1268 1514 deinde
1303 1483 1430 1513 Parisiis

90 1542 272 1584 repetitam,
293 1540 431 1583 Belgicis
451 1540 534 1582 typis
556 1539 668 1570 recudi
691 1540 832 1579 curavit,
859 1539 954 1582 eique
973 1538 1114 1570 eruditas
1139 1537 1429 1569 animadversiones

92 1594 223 1639 adjecit,
245 1594 361 1637 quibus
385 1593 558 1625 difficiliora
580 1593 823 1624 Institutionum
845 1592 911 1624 loca
936 1592 1103 1636 tyronibus
1122 1592 1305 1624 illustravit.

134 1649 164 1679 J.
189 1648 232 1680 M.
262 1648 417 1688 Senium,
449 1649 593 1690 poemata
622 1658 661 1678 ex
684 1647 812 1690 optimis
837 1647 1060 1690 scriptoribus,
1091 1647 1149 1689 qui
1179 1645 1255 1677 inde
1280 1657 1297 1676 a
1322 1644 1429 1676 seculo

92 1703 214 1735 decimo
244 1703 338 1734 tertio
366 1702 405 1733 ad
436 1708 575 1733 nostram
607 1713 709 1744 usque
742 1707 867 1733 aetatem
895 1702 928 1732 in
953 1701 1064 1744 Belgio
1093 1701 1291 1740 floruerunt,
1320 1699 1429 1731 subtili

91 1757 210 1800 judicio
230 1756 362 1796 selecta,
384 1756 499 1796 edidit,
520 1762 557 1788 ut
579 1755 717 1798 Belgicae
738 1756 867 1798 poeseos
883 1767 956 1786 cum
973 1756 1112 1798 origines
1132 1761 1228 1797 atque
1246 1764 1430 1797 progressus

93 1810 289 1850 ostenderet,
305 1817 376 1842 tum
393 1816 576 1842 venustates
597 1808 761 1852 discipulis
780 1809 843 1840 suis
859 1811 1061 1852 propinaret,
1085 1809 1202 1840 deinde
1218 1820 1293 1840 vero
1313 1808 1430 1839 Liviszi

93 1865 133 1896 de
154 1865 288 1906 Meyer,
309 1865 508 1896 celeberrimi
530 1855 649 1907 poetae,
670 1863 864 1895 didacticum
884 1875 1012 1894 carmen
1038 1864 1078 1894 cle
1094 1864 1161 1900 ira,
1186 1863 1285 1893 latine
1307 1869 1339 1894 et
1358 1861 1429 1893 bel-

93 1919 179 1961 gice,
202 1919 285 1961 typis
299 1918 405 1950 denuo
425 1919 605 1954 mandavit,
626 1917 774 1961 illudque
793 1917 968 1949 utilissimis
989 1916 1246 1948 adnotationibus
1261 1916 1425 1959 explicuit.

136 1972 172 2001 L.
194 1971 235 2002 V.
263 1971 389 2012 RAOUL,
417 1972 532 2003 selecta
558 1983 575 2003 e
602 1971 739 2015 Belgicis
768 1971 870 2014 poe'tis
897 1970 1076 2014 fragmenta
1105 1971 1138 2002 in
1166 1982 1275 2003 versus
1301 1970 1428 2014 gallicos

92 2024 242 2056 translata
274 2024 456 2068 evulgavit,
489 2031 521 2057 et
551 2025 783 2069 elegantissima
815 2026 980 2065 versione,
1013 2037 1110 2069 quam
1140 2026 1276 2069 egregiis
1307 2026 1428 2068 ingenii

93 2078 218 2111 dotibus
238 2078 285 2110 illi
307 2081 408 2122 poetae
428 2079 634 2122 splendeant,
658 2081 775 2112 exteris
795 2080 951 2124 probavit.
