1747 2620
662 251 776 296 (15)

49 325 160 370 heeft,
188 326 256 358 kan
280 326 414 358 dezelve
439 327 509 358 niet
530 332 628 369 terzcg
652 326 825 364 bekomen,
855 328 923 359 elan
947 334 1014 359 met
1034 330 1068 360 in
1092 331 1307 373 achtneming
1334 331 1393 362 det·

50 381 252 424 bepalingen
279 392 346 412 van
368 387 432 411 art.
463 381 481 412 5
508 392 574 412 van
595 381 699 411 dezen
729 382 812 412 titel.
844 382 913 413 Art.
937 383 968 413 8.
1007 383 1099 414 Eene
1130 384 1391 416 neclerlanclsclze

50 447 161 466 vroaw
195 441 262 465 met
284 447 384 466 eenen
408 435 636 477 vreemdeling
656 435 690 465 in
716 435 773 466 het
803 435 960 478 Ιιιιινεζγέ
990 437 1144 469 tredende
1157 461 1168 476 ,
1209 440 1304 482 volgt
1328 440 1391 470 den

49 494 144 519 staat
165 500 229 519 vem
250 489 354 519 haren
375 500 463 519 man.
491 489 615 520 Indien
639 500 682 527 Ζγ
708 489 855 521 weduwe
881 491 1004 528 werdt,
1037 492 1169 523 hekomt
1187 506 1229 536 zy
1251 494 1291 525 cle
1312 494 1391 525 hoe-

49 542 235 585 daniglzeicl
261 554 327 573 van
360 543 621 574 neclerlsmclsche
650 555 764 574 vroutv
792 550 913 587 terzlg,
946 557 1102 577 wanneer
1135 559 1178 589 zy
1205 548 1292 578 haar
1315 555 1393 579 vast

49 595 187 638 verblyf
211 596 332 627 binnen
359 597 415 627 lzet
450 597 640 640 konilzgtyk
673 598 782 642 heeft,
819 599 862 642 of
885 600 972 630 daar
997 606 1094 643 terug
1123 601 1223 632 keert.
1265 603 1309 634 In
1335 603 1393 634 lzet

48 650 173 680 laatste
187 651 293 693 geval
312 651 341 681 is
367 663 409 693 zy
426 652 573 694 verplz'gt
591 664 643 683 om
659 664 726 683 acm
742 653 799 683 het
819 653 994 684 Gemeente
1011 654 1163 685 Bestuar
1182 656 1386 697 clerplczats‚

47 704 180 734 alwaar
198 716 242 746 zy
273 705 354 735 hare
376 706 513 747 woning
536 706 611 736 wilt
638 717 772 743 nemen,
808 707 895 737 haar
919 718 1113 739 voornemen
1143 714 1174 739 te
1205 709 1333 741 kemzen
1359 716 1390 741 te

44 768 169 800 geven,
208 769 260 788 om
285 758 410 789 aldam·
435 759 521 789 haar
544 765 623 790 vast
649 760 818 792 domicilia
852 767 883 792 te
905 762 1077 805 vestigen,
1114 774 1153 793 en
1179 764 1240 794 καί
1261 776 1304 806 zy
1335 765 1393 796 het

46 812 139 842 τεῖνε
167 811 292 842 aldam·
320 812 490 855 werkelyk
516 819 644 845 moeten
668 815 832 858 vestigen.

90 897 145 929 VI.
172 898 285 938 Quum
309 899 471 942 dispositio
485 900 538 930 illa
555 907 614 931 art.
630 900 661 932 5.
685 902 734 932 tit.
752 903 783 932 2.
804 901 859 932 lib.
876 902 900 933 I.
924 901 1000 934 Cod.
1018 903 1129 947 Belg.‚
1147 905 1209 947 qua
1231 905 1295 937 sola
1318 906 1386 938 fere

45 951 96 995 jus
117 963 238 984 novum
265 953 424 983 sancitum
448 953 595 993 videtur,
623 953 713 985 nulla
737 954 843 986 adhuc
868 955 1030 999 obligandi
1057 959 1087 989 vi
1114 959 1252 1001 polleat,
1278 971 1386 1003 neque

45 1004 99 1034 hic
125 1005 255 1048 allegari
275 1006 387 1047 possit,
414 1006 500 1048 quod
524 1018 620 1049 supra
647 1019 679 1038 n.
703 1008 768 1047 III,
794 1008 954 1049 dicebam,
982 1011 1067 1042 idem
1095 1011 1159 1053 jam
1182 1013 1253 1056 lege
1280 1014 1387 1046 nostra

45 1057 140 1089 fund.
163 1065 318 1089 statutum
340 1070 423 1098 esse,
449 1060 658 1091 manifestum
678 1067 740 1100 est,
768 1068 938 1094 extraneos
959 1066 1014 1107 qui
1036 1065 1123 1097 illius
1149 1068 1316 1110 praeceptis
1336 1079 1388 1099 sa·-

45 1111 237 1151 tisfecerint‚
263 1112 409 1143 nondum
433 1112 606 1155 Belgarum
631 1114 865 1155 conditionem,
891 1122 1056 1160 tamquam
1076 1118 1155 1162 legis
1177 1119 1333 1152 beneficio
1355 1127 1387 1152 et

44 1164 112 1206 ipso
131 1163 203 1207 jure
232 1163 291 1195 sibi
314 1164 505 1208 adquisitam
534 1166 698 1199 vindicare
727 1180 828 1211 posse.
875 1169 1000 1203 Verum
1025 1173 1051 1203 si
1081 1184 1119 1204 ea
1147 1173 1249 1205 fuerit
1273 1186 1386 1207 eorum

43 1218 158 1261 agendi
183 1218 280 1258 ratio,
307 1219 369 1262 qua
396 1220 566 1251 manifeste
590 1221 735 1252 animum
757 1221 846 1253 illam
869 1223 1061 1267 adquirendi
1082 1227 1299 1260 conditionem
1321 1230 1386 1261 rei-

41 1270 182 1314 publicae
201 1271 452 1314 declaraverint,
474 1284 582 1316 neque
603 1274 693 1305 sactis
713 1286 826 1307 eorum
846 1277 878 1307 in
899 1277 991 1309 illum
1010 1280 1108 1312 finem
1124 1281 1252 1313 directis
1274 1283 1385 1315 civitas

40 1336 108 1357 sese
134 1327 340 1369 opposuerit,
370 1333 408 1358 ut
434 1327 459 1358 si
480 1326 631 1370 publice,
662 1339 772 1371 neque
799 1329 902 1371 clam,
932 1332 1023 1365 nullo
1049 1335 1145 1365 etiam
1170 1336 1383 1378 prohibente,

41 1391 201 1411 summam
223 1392 332 1412 rerum
354 1381 388 1412 in
408 1381 558 1425 Belgium
579 1383 821 1424 transtulerint,
843 1384 954 1428 ibique
974 1387 1099 1419 tamdiu
1119 1389 1331 1430 retinuerint,
1347 1397 1386 1423 ut

42 1435 142 1476 patria
163 1446 220 1466 sua
241 1435 371 1477 penitus
394 1446 427 1467 se
456 1435 616 1467 abdicasse
637 1436 824 1478 videantur,
851 1438 986 1471 dublum
1009 1447 1113 1483 potest
1135 1442 1253 1483 videri,
1275 1456 1383 1476 annon

41 1487 83 1518 ita
93 1511 101 1527 ‚
117 1488 213 1518 tacito
224 1487 276 1520 vel
288 1488 394 1530 potius
405 1495 579 1531 praesumto
592 1490 781 1532 imperantis
792 1503 965 1533 consensu,
979 1493 1030 1538 jus
1045 1495 1182 1527 civitatis
1197 1498 1283 1528 nacti
1297 1498 1384 1529 sint?

87 1540 183 1579 Quod
206 1541 263 1583 qui
283 1541 457 1582 affirmant,
481 1542 623 1586 allegant
643 1544 733 1577 hunc
753 1548 925 1579 consensus
945 1550 1117 1592 praestandi
1138 1551 1288 1592 modum,
1310 1552 1383 1597 jure

42 1594 216 1626 universali
236 1606 300 1626 non
326 1596 433 1627 minus
460 1597 639 1638 valentem,
668 1610 766 1642 quam
790 1611 972 1644 expressam
994 1603 1169 1636 voluntatis
1192 1605 1382 1638 declaratio-

42 1657 134 1687 nem,
165 1647 237 1692 jure
263 1649 360 1680 etiam
384 1651 519 1692 positivo
544 1650 675 1696 Belgico
699 1665 765 1686 esse
791 1655 1049 1698 admittendum,
1079 1659 1132 1692 vel
1156 1659 1197 1690 ob
1220 1660 1253 1692 id
1278 1661 1382 1693 solum

43 1701 127 1744 quod
145 1701 210 1746 juri
230 1703 403 1736 universali
425 1705 515 1737 nulla
538 1717 685 1750 expressa
706 1708 760 1740 lex
779 1710 813 1741 in
833 1721 870 1741 eo
892 1710 1111 1754 derogaverit,
1133 1713 1251 1746 deinde
1276 1715 1381 1748 dedu-

42 1761 120 1787 cunt
144 1757 330 1800 exemplum
351 1758 481 1802 aliquod
501 1763 668 1794 sententiae
685 1763 703 1794 a
723 1764 813 1796 curia
834 1764 980 1797 Bruxell.
1002 1766 1074 1799 latae
1091 1770 1131 1802 17
1152 1769 1255 1812 April.
1278 1771 1379 1811 1822,

42 1808 106 1851 qua
130 1808 306 1852 judicatum
329 1818 395 1853 est,
418 1815 646 1858 peregrinum,
666 1818 812 1851 nondum
834 1830 983 1863 expresse
1003 1822 1037 1853 in
1060 1823 1223 1855 civitatem
1246 1824 1380 1868 adopta-

41 1868 134 1902 tum,
164 1869 271 1896 tamen
295 1866 399 1899 civem
429 1867 562 1912 Belgam
590 1870 715 1904 factum
741 1883 830 1913 esse,
865 1873 921 1906 ubi
948 1886 965 1907 a
993 1887 1070 1919 rege
1096 1877 1136 1908 ad
1161 1879 1379 1911 exercendum

39 1926 159 1947 munus
179 1917 308 1961 aliquod
330 1920 620 1956 administrativum
645 1932 777 1958 vocatus
801 1927 914 1959 fuerit.

81 2002 153 2034 VII.
195 2004 323 2044 Quibus
353 2011 551 2051 argumentis
580 2013 747 2056 sequentia
782 2014 937 2047 videntur
967 2018 1169 2060 opponenda.
1223 2020 1373 2064 Inprimis

37 2056 160 2090 factum
177 2061 321 2091 extranei
337 2061 540 2104 unilaterale,
559 2065 712 2110 ejusque,
729 2070 938 2111 quantumvis
949 2070 1062 2115 longa,
1074 2073 1108 2104 iu
1124 2074 1253 2107 civitate
1267 2076 1374 2107 nostra
