1747 2620
882 271 973 313 (4)

266 349 367 379 lorum
392 348 609 390 deceptionem
630 347 866 389 perniciemque
887 346 1150 388 excogitatarum,
1167 345 1253 376 fraus
1268 350 1300 376 et
1314 350 1447 387 potestas
1462 343 1501 375 ab
1517 344 1585 386 ipsa

266 413 372 432 rerum
393 402 422 433 vi
440 407 470 432 et
492 401 674 431 necessitate
689 401 851 430 excutitur
870 405 901 429 et
922 399 1105 429 destruitur.
1128 398 1294 436 Quantum
1311 409 1383 429 vero
1402 397 1584 428 detrimenti

266 454 400 496 publicae
420 454 511 484 saluti
530 453 642 483 afferre
664 453 780 495 possint
799 452 874 483 falsa
896 462 1031 494 qumque
1052 451 1090 482 de
1110 451 1236 482 civitate
1255 456 1287 481 et
1307 462 1430 481 summo
1450 450 1583 492 imperio

266 509 441 551 principia,
472 514 590 537 temere
617 508 650 537 in
677 506 818 537 medium
851 505 969 548 prolata
1000 511 1094 547 atque
1125 504 1275 543 defensa,
1306 504 1365 534 hoc
1395 504 1586 534 recentiores

267 562 429 592 civitatum
450 561 667 591 conversiones
689 571 724 590 ac
745 558 976 590 vicissitudines
996 559 1068 588 satis
1089 557 1270 588 luculenter
1292 557 1480 588 docuerunt.
1498 564 1500 566 ’

310 612 575 654 Quandoquidem
592 612 689 654 igitur
706 611 832 642 nullum
849 617 895 642 est
910 611 1059 650 dubium,
1076 611 1154 653 quin
1171 610 1248 653 juris
1263 610 1383 653 publici
1400 609 1586 641 universalis

267 666 402 707 artisque
425 664 560 707 politicae
584 670 739 706 praecepta
763 676 918 695 summam
940 664 974 694 in
997 663 1125 706 publica
1149 664 1274 706 negotia
1297 669 1440 694 exserant
1467 663 1529 692 11111
1554 667 1586 692 et

266 725 467 761 potestate-1113
492 719 720 748 sanctissimum
744 729 817 748 sane
841 728 969 756 eorum,
995 717 1049 759 qui
1072 728 1199 759 operam
1221 716 1358 747 colendis
1380 717 1465 746 hisce
1489 715 1583 745 disci-

267 771 360 813 plinis
378 771 581 813 impendunt,
603 770 740 802 officium
761 782 825 801 esse
847 782 974 809 censeo,
999 776 1034 801 ut
1056 781 1143 802 veras
1163 770 1321 812 rebusque
1344 769 1477 812 publicis
1497 769 1583 799 salu-

268 830 348 855 tares
368 825 538 863 doctrinas,
558 830 676 854 remoto
697 826 835 866 partium
855 824 975 862 studio,
993 823 1181 862 del'endere,
1201 829 1296 865 atque
1314 834 1387 853 cum
1407 820 1582 864 tyrannidi,

268 883 336 908 tum
349 877 514 907 Anarchiae
528 877 669 909 faventes
684 877 758 907 forti
773 878 877 907 animo
898 878 1087 918 impugnare
1109 882 1141 906 et
1160 886 1357 917 compescere
1376 874 1534 905 studeant.

310 929 396 959 Inter
418 940 525 958 onmes
548 935 671 966 autern,
697 939 768 970 quae
788 929 821 958 in
843 928 913 970 jure
938 928 1065 969 publico
1087 929 1266 969 agitantur,
1288 928 1477 969 quaestiones
1497 927 1585 958 nulla

268 982 408 1023 profecto
427 987 473 1011 est
496 982 633 1023 gravior,
659 980 746 1011 nulla
772 980 895 1023 majoris
919 980 1087 1019 momenti,
1109 991 1204 1022 quam
1221 991 1274 1018 ea,
1296 991 1359 1022 quo
1377 980 1585 1011 fundamento

268 1034 387 1064 nitatur
411 1044 571 1064 summum
593 1034 624 1063 in
650 1034 776 1064 civitate
801 1033 982 1074 imperium.
1012 1032 1133 1070 Quanti
1157 1033 1241 1063 enim
1268 1033 1301 1062 in
1324 1031 1486 1074 republica
1510 1043 1587 1063 con—

269 1085 425 1117 stituenda
453 1092 483 1116 et
507 1085 750 1116 administranda
780 1085 915 1115 debeant
940 1084 1088 1127 ponderis
1113 1091 1145 1115 et
1169 1086 1362 1116 auctoritatis
1389 1097 1453 1116 esse
1477 1087 1585 1125 variae,

270 1149 341 1181 quae
366 1138 404 1169 de
427 1138 485 1169 hac
508 1139 680 1180 quaestione
700 1144 938 1180 proponuntur,
962 1137 1126 1177 doctrinae,
1153 1138 1287 1180 quilibet
1306 1138 1398 1170 facile
1419 1138 1586 1181 intelligit3

270 1197 420 1233 quantam
446 1191 509 1222 vim
530 1197 562 1221 et
581 1190 796 1221 efficacitatem
820 1202 930 1223 revera
956 1190 1141 1230 habuerint,
1171 1191 1231 1222 hoc
1255 1203 1329 1222 cum
1354 1191 1461 1223 civiles
1485 1191 1587 1222 turbae

269 1245 303 1275 in
323 1244 436 1286 Anglia
454 1244 559 1275 seculo
584 1244 705 1275 decimo
729 1245 861 1286 septimo
883 1245 1065 1282 saevientes,
1088 1250 1159 1275 tum
1179 1244 1325 1276 violentae
1344 1255 1452 1275 rerum
1477 1244 1587 1286 publi-

271 1308 379 1328 carum
398 1297 431 1327 in
447 1296 547 1326 Gallia
567 1297 799 1335 conversiones,
819 1307 896 1338 quas
915 1296 1059 1327 seculum
1076 1297 1155 1328 vidit
1174 1298 1317 1339 proxime
1337 1298 1497 1339 superius,
1516 1303 1588 1328 tum

270 1350 420 1380 hodierna
440 1349 610 1380 cultiorum
628 1350 811 1392 Regnorum
832 1349 1011 1380 felicissima
1031 1349 1169 1380 conditio
1187 1355 1219 1380 et
1240 1349 1402 1392 disciplina
1419 1356 1585 1382 testantur.

269 1402 381 1444 Neque
398 1409 472 1433 vero
492 1402 691 1442 existimetis,
713 1403 751 1433 A.
769 1402 826 1442 H.,
849 1403 1054 1445 quaestionem
1071 1403 1156 1434 illam
1177 1402 1240 1446 jam
1261 1403 1383 1434 dudum
1404 1415 1420 1433 a
1445 1403 1588 1434 celeber-

270 1455 356 1486 rimis
376 1454 453 1497 juris
473 1454 592 1496 publici
622 1454 801 1486 doctoribus
827 1454 979 1495 decisam,
1006 1455 1160 1498 litemque
1186 1455 1245 1486 hac
1271 1455 1310 1486 de
1334 1467 1368 1486 re
1391 1456 1465 1486 olim
1486 1457 1587 1499 agita-

271 1514 355 1546 tam,
385 1508 496 1537 nostris
525 1508 719 1549 temporibus
745 1508 947 1550 compositam
970 1508 1064 1551 plane
1089 1515 1122 1539 et
1143 1509 1343 1540 terminatam
1368 1520 1443 1540 esse.
1475 1509 1589 1548 Quum

271 1561 356 1591 enim
381 1560 454 1591 inde
481 1560 519 1591 ab
550 1561 722 1592 Iiobhesio
750 1563 928 1593 communis
955 1562 1023 1594 fere
1045 1567 1126 1593 esset
1151 1561 1324 1593 illustrium
1348 1562 1505 1601 virorum,
1531 1563 1588 1605 qui

273 1613 311 1643 de
332 1623 366 1643 re
386 1612 511 1653 publica
532 1614 740 1656 scripserunt,
762 1616 934 1655 sententia,
955 1616 1127 1659 imperium
1144 1615 1236 1648 civile
1256 1615 1366 1657 populi
1386 1626 1538 1646 consensu
1555 1621 1588 1646 et

273 1667 480 1697 conventione
505 1667 582 1706 niti,
612 1667 686 1699 licet
710 1668 749 1700 de
773 1669 871 1713 hujus
897 1669 1114 1702 conventionis
1136 1669 1168 1701 vi
1191 1674 1223 1699 et
1246 1674 1358 1699 natura
1384 1669 1470 1699 vario
1495 1668 1591 1698 modo

272 1724 461 1758 statuerent3
482 1719 584 1750 nostra
606 1726 713 1752 tamen
730 1724 905 1763 praesertim
924 1729 1014 1755 aetate
1034 1722 1168 1766 egregiis
1185 1722 1306 1764 ingenii
1324 1722 1486 1763 animique
1505 1721 1588 1752 doti-

272 1771 331 1802 bus
359 1771 481 1813 praediti
501 1773 690 1804 exstiterunt
714 1776 892 1817 scriptores,
915 1777 970 1819 qui
995 1776 1082 1808 illam
1105 1775 1279 1807 doctrinam
1304 1774 1413 1805 falsam
1436 1775 1587 1813 omnino,

273 1823 431 1866 rebusque
451 1824 584 1866 publicis
607 1827 787 1868 pestiferam
800 1852 808 1868 ,
833 1835 928 1871 atque
949 1829 988 1860 ad
1007 1828 1158 1860 tuendam
1183 1827 1305 1870 generis
1326 1826 1459 1857 humani
1483 1826 1588 1858 felici-

275 1882 387 1915 tatem,
408 1887 425 1907 e
445 1876 523 1920 juris
542 1878 661 1920 publici
682 1880 844 1923 disciplina
868 1893 995 1925 prorsus
1019 1880 1243 1914 eliminandam
1263 1890 1328 1910 esse
1348 1879 1586 1910 contenderent.

276 1928 428 1967 Quamvis
448 1941 537 1969 vero,
556 1933 611 1974 qui
627 1942 737 1964 eorum
756 1934 850 1966 libros
869 1936 1055 1978 perlegerit,
1077 1945 1186 1977 aequus
1206 1932 1322 1975 judex,
1340 1932 1590 1975 haudquaquam

275 1994 392 2025 negare
411 1984 522 2025 possit,
547 1991 688 2017 auctores
713 1987 782 2019 illos
806 1989 920 2032 magna
945 1989 1065 2032 ingenii
1087 1994 1120 2019 et
1142 1987 1331 2029 eloquentiae
1352 1986 1398 2025 vi,
1423 1986 1587 2028 vulgarem

275 2035 313 2066 de
330 2041 420 2077 pacto
440 2036 543 2067 sociali
562 2039 747 2071 sententiam
771 2042 991 2084 impugnasse3
1013 2040 1164 2085 equidem.
1185 2039 1282 2083 hujus
1302 2038 1452 2069 doctrinae
1472 2038 1587 2068 firmis—
