1747 2620
899 307 1011 349 (10)

301 382 421 413 talitate
442 382 629 412 sententiam
655 381 750 412 fuisse
774 379 1004 422 pervulgatam.
1039 379 1079 409 Et
1106 390 1196 419 vero,
1222 378 1284 423 jam
1305 390 1362 411 suo
1383 385 1524 422 tempore
1546 379 1617 423 jure

299 448 335 466 ac
353 436 466 466 merito
486 434 649 477 perhibuit
665 434 861 472 Aristoteles,
877 433 964 464 illam
983 432 1022 464 de
1041 433 1102 464 vita
1117 438 1186 475 post
1202 432 1284 463 hanc
1306 433 1414 464 futura
1434 433 1615 475 opinionem

299 499 364 519 esse
385 493 449 518 tam
472 488 655 529 antiquam,
687 493 724 517 ut
747 497 840 516 nemo
867 496 951 516 unus
973 484 1042 527 ejus
1067 485 1220 526 originem
1244 484 1384 515 indicare
1408 484 1529 524 valeat,
1560 490 1616 515 aut

299 540 419 578 dicere,
442 541 512 581 quis
526 539 594 582 ejus
611 538 710 570 fuerit
729 538 876 569 inventor
891 536 963 577 (1)?
983 536 1063 574 Quae
1078 537 1274 579 antiquitatis
1289 537 1457 568 auctoritas
1472 537 1615 568 Ciceroni

298 593 473 635 plurimum
494 591 599 623 valere
621 589 802 629 videbatur,
827 591 946 632 quippe
967 600 1038 631 quae
1059 601 1122 632 quo
1145 591 1275 633 propius
1294 590 1413 621 abesset
1433 590 1472 621 ab
1494 596 1566 621 ortu
1583 596 1616 621 et

298 646 402 678 divina
422 645 587 688 progenie,
613 644 673 675 hoc
694 643 807 675 melius
830 654 866 674 ea
887 643 1033 681 fortasse,
1055 653 1126 684 quae
1148 649 1250 674 essent
1271 654 1360 683 vera,
1383 649 1527 674 cerneret
1555 642 1612 685 (2).

898 764 921 807 g
963 765 1007 795 11.

659 860 970 882 PHILOSOPIIORUM
1020 860 1255 881 TESTIMONIA.

337 946 400 978 Sed
422 946 505 988 quod
526 945 740 988 antiquissima
762 945 824 987 jam
847 951 953 983 aetate,
981 956 1174 987 quamquam
1197 946 1293 977 nullis
1313 946 1418 977 adhuc
1440 947 1614 978 rationibus

294 1011 331 1031 eo
347 999 608 1042 impellebantur,
625 998 829 1029 crediderunt
847 997 1006 1036 homineS‚
1027 997 1060 1027 id
1077 999 1178 1028 omnis
1197 1000 1256 1030 aevi
1273 999 1450 1041 philosophi
1469 1000 1535 1031 sive
1555 1000 1614 1031 de—

294 1054 518 1084 monstratione
540 1052 637 1096 justa,
661 1053 725 1083 sive
747 1051 943 1093 argumentis
963 1049 1177 1093 probabilibus
1196 1051 1382 1082 confirmare
1407 1051 1613 1082 studuerunt.

293 1107 334 1136 Et
355 1117 443 1144 sane,
465 1117 538 1136 cum
560 1105 599 1136 de
619 1110 807 1147 argumento
826 1104 974 1135 historico
994 1115 1096 1135 sermo
1114 1105 1169 1142 sit,
1194 1114 1304 1135 eorum
1325 1115 1453 1146 quoque
1472 1105 1615 1135 testimo—

293 1159 344 1190 nia
360 1165 434 1190 sunt
451 1157 637 1200 colligenda.
660 1158 772 1200 Neque
788 1163 894 1188 tamen
915 1157 967 1187 hic
985 1162 1187 1198 argumenta,
1205 1156 1320 1199 quibus
1337 1157 1384 1188 usi
1399 1163 1490 1196 sunt,
1513 1168 1614 1199 expo-—

293 1211 391 1243 nendi
417 1211 467 1243 vel
490 1210 686 1253 disceptandi
705 1210 793 1242 locus
816 1216 878 1249 est,
905 1209 959 1241 sed
980 1209 1109 1241 brevem
1135 1211 1225 1252 quasi
1246 1216 1450 1252 conspectum
1473 1210 1614 1252 praebere

292 1265 382 1309 juvat
403 1276 530 1304 eorum,
556 1266 611 1306 qui
630 1276 669 1295 ex
684 1264 877 1306 philosophis
896 1263 973 1294 huic
993 1263 1159 1294 sententiae
1180 1263 1273 1294 fuere
1289 1262 1417 1294 addicti.
1446 1263 1556 1305 Itaque
1575 1269 1612 1294 ut

293 1318 459 1360 Orpheum
485 1323 517 1348 et
538 1318 684 1360 mysteria
706 1322 931 1359 praetereamus
948 1315 1015 1357 (3),
1042 1315 1173 1346 obscura
1194 1315 1245 1346 illa
1272 1321 1304 1347 et
1327 1316 1465 1355 incerta,
1491 1316 1613 1347 Phere-

292 1371 405 1414 cydes,
436 1370 641 1413 philosophus
672 1370 799 1413 Syrius,
835 1369 953 1400 librum
986 1369 1169 1411 conscripsit
1195 1368 1296 1399 soluta
1323 1369 1484 1408 oratione,
1518 1370 1613 1411 eique

291 1425 393 1467 primo
411 1424 564 1465 adscripta
587 1429 634 1454 est
653 1424 826 1462 sententia⁷
854 1424 974 1454 animos
992 1422 1160 1454 hominum
1183 1433 1249 1453 esse
1269 1422 1461 1453 immortales
1480 1422 1538 1463 (4).
1563 1422 1613 1453 De

290 1476 479 1519 Epimenide
502 1476 643 1506 Cretensi
663 1475 747 1506 idem
768 1481 905 1514 constat,
927 1476 983 1518 qui
1004 1475 1111 1506 fabula
1131 1475 1267 1517 quadam
1287 1475 1464 1517 significare
1489 1474 1612 1513 voluit,

290 1530 372 1560 hanc
392 1529 487 1561 vitam
509 1539 575 1559 esse
594 1529 751 1559 somnium
768 1528 976 1567 diuturnum,
999 1539 1038 1559 ex
1055 1539 1119 1571 quo
1132 1528 1172 1559 ad
1192 1529 1288 1559 vitam
1304 1527 1471 1559 hominum
1491 1528 1614 1559 animos

290 1583 475 1614 suscitatum
496 1582 535 1612 iri
554 1581 612 1623 (5).
634 1581 706 1612 Jam
728 1587 907 1623 sequuntur
931 1581 1061 1620 Thales,
1085 1577 1140 1623 qui
1160 1586 1276 1611 sectam
1296 1581 1434 1610 Ionicam
1455 1580 1612 1620 condidit,

290 1642 321 1666 et
340 1635 549 1678 Pythagoras,
566 1634 694 1666 familia:
707 1634 823 1665 Italicae
839 1640 961 1666 auctor.
979 1635 1024 1665 De
1039 1640 1178 1676 utroque
1193 1634 1261 1665 viro
1278 1633 1429 1664 traditum
1444 1639 1510 1671 est,
1534 1644 1611 1665 eum

290 1688 458 1719 hominum
484 1688 596 1718 animis
621 1687 890 1718 immortalitatem
914 1686 1108 1730 adjudicasse
1128 1686 1186 1728 (6).
1226 1686 1314 1725 Quin
1336 1686 1432 1717 etiam
1452 1691 1526 1717 sunt
1552 1688 1609 1728 qui

346 1800 390 1830 (ι)
406 1802 444 1823 Ita
457 1800 600 1823 Plutarchus
617 1800 645 1823 de
661 1800 825 1823 consolatione
839 1799 869 1823 ad
884 1799 1055 1830 Apollonium.

347 1842 390 1870 (2)
406 1841 454 1863 Cic.
472 1841 543 1863 Tusc.
562 1845 646 1870 quaest.
665 1841 681 1862 1.
703 1842 722 1862 1.
739 1848 758 1864 c.
780 1848 814 1862 η.

348 1881 390 1909 (5)
406 1880 446 1902 Cf.
468 1881 491 1903 J.
512 1881 548 1903 M.
571 1881 660 1903 Gesner
677 1880 704 1902 de
729 1880 829 1910 perenni
847 1879 984 1902 animorum
1002 1884 1089 1902 natura
1106 1887 1147 1909 per
1166 1885 1231 1901 sacra
1249 1877 1367 1908 praecipue
1385 1876 1507 1900 Eleusinia
1523 1884 1609 1907 propa—

288 1923 354 1950 gata.
373 1919 444 1941 Gon.
468 1920 535 1947 1755.

348 1958 391 1987 (4)
407 1958 458 1981 Cic.
476 1959 548 1981 Tusc.
568 1963 654 1988 quaest.
677 1958 696 1980 1.
718 1960 740 1981 Ι.
760 1966 783 1981 c.
803 1958 840 1981 ιδ.
862 1958 1003 1981 Lactantius
1020 1957 1083 1985 V11,
1101 1957 1126 1979 8.
1150 1956 1240 1987 aliique
1255 1963 1314 1986 quos
1332 1955 1418 1978 laudat
1436 1955 1561 1986 Meuagius
1577 1955 1608 1977 ad

288 1998 361 2029 Diog.
381 1998 462 2020 Laert.
483 1997 503 2020 l.
526 1999 548 2020 1.
570 2005 644 2028 segni.
666 1998 717 2020 ΗΕ.

348 2037 391 2066 (5)
408 2037 469 2060 Vid.
486 2036 608 2060 Maximus
622 2037 713 2068 Tyrius
731 2038 816 2061 disset.
836 2038 910 2066 XV1;
931 2037 1062 2061 admodum
1078 2034 1210 2058 honorifice
1225 2034 1254 2057 de
1271 2041 1298 2057 eo
1311 2033 1405 2062 judicat
1424 2033 1492 2056 Plut.
1514 2033 1539 2056 in
1554 2032 1607 2056 vita

288 2076 397 2102 Solonis,
417 2083 472 2106 cap.
494 2084 530 2098 12.

346 2116 390 2146 (6)
407 2115 466 2139 Vid.
483 2115 556 2146 Diog.
573 2115 656 2139 Laert.
675 2116 701 2140 iu
716 2116 765 2140 vita
781 2116 871 2146 philos.
887 2116 908 2139 l.
925 2117 947 2139 Ι.
963 2123 1038 2147 segm.
1056 2116 1100 2144 245
1119 2114 1187 2137 Piui.
1205 2114 1232 2136 de
1246 2113 1332 2144 placit.
1350 2113 1415 2143 phil.
1434 2112 1454 2135 1.
1471 2112 1517 2135 IV.
1533 2119 1557 2135 c.
1576 2119 1601 2134 2.
