1747 2620
916 316 927 360 (
950 316 971 349 6
994 315 1006 361 )

305 417 377 438 nem
400 404 593 447 respondere
616 409 754 436 conatus
780 413 865 435 sum.
887 403 1100 445 Argumenta·
1111 402 1332 446 jucunditas,
1353 404 1490 446 proemii
1506 404 1624 444 decus,

297 469 454 511 judicum
470 467 646 510 integritas
663 478 728 498 non
736 477 867 508 paucos
885 467 919 497 in
934 466 994 497 hoc
1009 472 1120 498 nostro
1136 467 1315 498 certamine
1330 467 1478 498 literaria
1486 478 1628 510 pugna·-

304 539 394 563 taros
417 536 642 574 augurantur,
667 540 806 572 quorum
826 530 941 560 nullus
962 541 1027 560 non
1047 530 1190 560 nominis
1216 529 1312 560 laudi
1328 535 1362 561 et
1384 530 1628 562 existimationi

303 595 489 626 consultum
518 592 758 629 arbitrabitur,
792 592 824 623 si
851 592 914 624 sub
940 592 1081 624 Vestris
1100 594 1264 635 auspiciis
1287 594 1429 624 certanti
1453 594 1626 625 victoriam

301 663 465 699 reportare
490 656 558 687 sibi
582 656 768 698 contigerit.
810 655 895 695 Quoe
920 656 1080 698 cogitatio
1114 667 1209 698 oeqae
1240 667 1280 687 ac
1306 657 1427 688 viriam
1453 658 1623 694 tenuitas,

301 720 398 763 cujas
423 721 509 751 satis
535 719 618 751 mihi
637 729 712 750 sum
733 720 903 756 conscias,
924 731 988 750 non
1003 730 1148 761 parvum
1167 719 1250 750 mihi
1273 720 1440 750 incutiant
1457 720 1622 757 timorem,

299 795 339 815 ne
367 783 500 815 Vestra
524 783 763 824 approbatione
784 782 944 825 indignus
966 783 1126 826 judicer:
1154 783 1262 814 malta
1289 784 1376 814 enim
1400 788 1517 820 erant,
1549 793 1625 825 quoe

298 848 407 877 minus
429 846 510 877 bene
531 856 604 876 sese
626 845 790 882 habeant,
816 851 912 876 erant
929 845 1079 888 fortasse
1105 846 1283 889 qnaedam,
1317 857 1394 888 quoe
1421 846 1538 877 abesse
1560 857 1624 887 po-

298 910 462 945 tuissent,
497 907 775 939 desiderabantur
793 908 888 950 forte
918 909 1002 940 alia.
1034 909 1100 940 Sed
1117 908 1226 951 fretas
1257 908 1389 940 Vestra
1412 908 1624 951 indulgentia

299 972 384 1002 hunc
411 981 518 1002 meam
549 970 695 1001 laborem
726 971 874 1001 examini
902 969 1068 1012 subjicere
1098 982 1205 1001 ausas
1235 982 1329 1002 sam:
1364 972 1424 1013 qai
1452 972 1483 1002 si
1511 972 1621 1002 minus

302 1034 416 1065 Vobis
431 1034 608 1075 probetur,
637 1034 672 1064 in
693 1034 825 1075 magnis
852 1038 962 1064 tamen
986 1033 1133 1064 voluisse
1159 1038 1216 1063 sat
1239 1038 1300 1063 est.
1332 1033 1403 1063 His
1430 1033 1512 1075 jam
1528 1045 1623 1074 proe—

299 1098 434 1134 missis,
461 1096 507 1128 ad
531 1097 639 1138 ipsam
663 1107 730 1128 rem
752 1098 894 1128 transire
916 1097 1027 1129 liceat.
