1747 2620
899 244 911 287 (
936 245 978 285 48
1001 243 1014 287 )

284 331 456 370 sequatur:
491 333 593 366 eoque
625 320 725 363 magis
750 318 886 351 verenda
921 324 986 357 est,
1017 327 1080 359 quo
1111 316 1227 348 leviora
1261 315 1330 360 ejus
1364 315 1494 359 vestigia
1525 320 1618 347 extus

283 385 415 425 pateant
429 378 486 421 (1).
513 377 624 416 Quum
648 375 768 418 quaevis
788 372 932 405 contusio
951 376 1108 413 supponat
1131 376 1300 412 rupturam
1320 380 1465 401 vasorum
1487 370 1620 412 sangui—

285 438 446 472 ferorum‚
477 432 531 463 illa
553 431 689 462 existere
711 440 776 459 non
795 432 896 469 potest
918 426 978 456 nisi
1001 424 1130 456 accedat
1152 423 1347 466 ecchymosis
1370 424 1436 455 sive
1455 423 1619 466 sanguinis

284 491 318 521 in
348 488 411 520 tela
436 484 585 517 cellulosa
611 482 775 514 infiltratio
797 481 855 522 (2).
894 479 997 522 Hujus
1025 484 1132 509 autern
1158 477 1381 521 ecchymoseos
1410 477 1498 508 sedes
1523 483 1619 520 atque

285 542 428 575 extensio
447 539 587 575 variant3
610 547 698 567 nunc
719 534 758 565 ad
779 534 874 565 telam
891 532 1074 564 eellulosam
1094 531 1324 563 subcutaneam
1343 531 1514 570 limitatur,
1530 542 1619 562 nunc

286 593 476 640 profundior
504 596 571 631 est,
598 596 631 621 et
652 588 780 631 sanguis
804 593 882 619 tunc
910 591 1057 630 penetrat
1080 586 1113 616 in
1145 585 1364 617 musculorum
1393 584 1618 625 substantiam,

286 650 346 682 sub
377 649 592 692 pei-iosteum,
634 644 668 675 in
697 644 839 685 ipsorum
869 641 1026 673 viscerum
1056 645 1216 671 texturam
1241 644 1273 669 et
1301 639 1336 669 in
1365 650 1476 670 omnes
1503 638 1620 670 horum

287 709 391 747 partes
412 701 658 737 constituentes,
682 707 771 728 nunc
795 706 852 738 per
876 695 977 726 latum
1002 694 1141 737 spatium
1161 692 1363 732 extenditur,
1385 704 1473 724 nunc
1499 704 1517 723 e
1542 704 1621 723 con-

285 763 333 788 tra
354 761 401 786 est
421 764 517 797 quani
537 751 680 782 minima.
706 749 829 792 Magnae
849 754 882 779 et
897 754 1035 779 extensae
1057 747 1276 791 ecchymoses,
1301 747 1349 778 uti
1365 746 1462 777 Petit
1485 745 1621 777 demon—

287 810 399 842 stravit
430 803 701 838 observationibus
733 804 798 834 suis
828 802 955 840 relatis,
990 812 1192 843 gangraenani
1218 800 1396 843 producere
1422 805 1454 831 et
1484 805 1620 830 mortem

288 862 419 907 quidem
450 865 582 903 possunt
607 858 666 900 (3).
695 857 903 888 Contusiones
929 857 977 898 (4)
1009 856 1167 898 parietum
1187 854 1338 885 Thoracis
1359 852 1474 896 glande
1497 852 1622 895 sclope-

287 918 384 956 faria,
416 914 467 947 vel
500 913 560 944 alio
588 921 736 954 corpore,
764 910 867 941 valida
900 909 1094 952 projectione
1120 914 1226 947 mom,
1260 907 1409 946 inflictae,
1442 906 1622 949 specialiter

288 976 427 1002 nostram
448 972 614 999 merentur
637 964 864 1003 attentionem,
892 963 1067 1006 praesertim
1090 972 1191 1005 quum
1219 961 1253 991 in
1280 966 1423 991 sternum
1446 966 1503 990 aut
1524 966 1624 990 costas
1657 996 1660 998 q

288 1023 478 1057 inciderint:
505 1021 556 1052 hae
577 1020 664 1051 enim
683 1018 825 1049 laesiones
846 1017 913 1047 fere
934 1027 1060 1059 semper
1078 1021 1148 1059 post
1165 1025 1197 1046 se
1214 1014 1347 1045 trahunt
1365 1012 1622 1056 suggillationem

287 1085 321 1111 et
339 1077 491 1109 obtritum
512 1074 652 1117 partium
673 1071 818 1103 mollium
834 1069 1086 1112 subjacentium,
1108 1068 1272 1111 sanguinis
1290 1067 1576 1098 extravasationem
1592 1072 1625 1097 et

288 1132 404 1175 saepius
426 1129 663 1166 contusionem,
689 1124 938 1156 denudationem
957 1129 989 1154 et
1008 1123 1183 1154 fracturam
1204 1122 1322 1152 ossium
1342 1122 1534 1152 vicinorum.

332 1185 439 1227 Plagae
461 1187 601 1214 contusae
622 1186 654 1211 et
680 1179 860 1222 praesertim
884 1177 949 1209 illae
972 1177 1118 1220 sclopetis
1138 1175 1302 1219 productae
1324 1180 1400 1205 sunt
1421 1173 1626 1217 periculosis-

289 1240 395 1277 simae,
422 1247 462 1268 ex
484 1246 521 1266 eo
542 1233 628 1276 quod
653 1232 916 1270 commotionem,
939 1229 1126 1272 sphacelum
1152 1235 1184 1260 et
1205 1228 1455 1260 destructionem
1484 1228 1625 1271 partium

289 1293 470 1326 vicinarum
491 1287 704 1320 determinare
724 1285 845 1328 possint
862 1283 927 1326 (5),
948 1289 981 1314 et
999 1282 1086 1325 quod
1112 1282 1229 1324 saepius
1255 1293 1363 1312 ansam
1385 1281 1463 1312 dent
1486 1281 1626 1312 haemor-

290 1346 409 1389 rhagiis
431 1341 661 1380 consecutivis3
687 1345 839 1382 praeterea
862 1349 993 1380 corpora
1015 1337 1227 1378 heterogenea
1246 1334 1418 1377 aliquando
1436 1334 1471 1365 in
1491 1333 1626 1366 vulnere

290 1400 542 1441 relinquuntur,
581 1393 668 1438 quod
694 1391 978 1424 inflammationem
1003 1395 1036 1421 et
1061 1390 1326 1433 suppurationem
1356 1388 1434 1419 adeo
1468 1388 1627 1419 intensam

291 1452 441 1498 producit
458 1456 490 1482 et
510 1453 701 1493 protractam
719 1445 930 1489 quandoque,
953 1449 990 1475 ut
1010 1454 1119 1474 omnes
1139 1442 1320 1486 aegrotantis
1340 1442 1422 1474 vires
1445 1441 1625 1473 exhauriat.

336 1507 457 1538 Omnes
474 1509 619 1534 auctores
633 1502 668 1533 in
684 1511 722 1532 eo
739 1499 951 1537 conveniunt,
970 1503 1008 1529 ut
1022 1489 1200 1536 declarent,
1222 1501 1398 1539 puncturas
1413 1494 1510 1538 vulgo
1525 1494 1628 1526 multo

291 1558 532 1605 periculosiores
563 1566 629 1587 esse
661 1553 762 1598 plagis
791 1553 882 1584 sectis
908 1551 971 1594 (6),
1006 1562 1081 1582 nam
1114 1551 1279 1581 enimvero
1309 1560 1373 1580 non
1405 1548 1626 1580 tantummodo

291 1615 388 1646 imius
419 1615 610 1655 penetrant,
647 1608 702 1639 sed
732 1613 764 1638 et
795 1612 947 1649 praeterea
977 1605 1082 1636 minus
1112 1605 1270 1635 orificium
1297 1602 1437 1642 habent,
1468 1614 1565 1646 quam
1589 1608 1627 1634 ut

292 1668 413 1713 possint
430 1665 553 1696 exitum
577 1661 749 1705 productui
768 1660 1005 1703 suppurationis
1026 1658 1184 1702 praebcre,
1210 1664 1243 1689 et
1263 1657 1403 1700 denique
1425 1667 1539 1688 nervos
1562 1667 1627 1686 non

293 1724 418 1764 integre
437 1723 563 1758 secant,
583 1715 638 1747 sed
655 1715 725 1746 illos
744 1714 903 1754 lacerant,
920 1713 1007 1746 unde
1030 1713 1213 1757 gravissima
1228 1711 1398 1755 saepissime
1415 1715 1626 1753 symptomata

293 1780 441 1819 surgunt.

314 1836 1620 1858 ——————-———————-———-—--——·-···-

354 1889 400 1919 (i)
416 1888 472 1911 Van
489 1887 612 1913 Coexsem,
631 1883 704 1907 elem.
723 1882 789 1906 med.
813 1882 862 1906 sor.
875 1901 882 1912 ,
901 1890 958 1913 pag.
978 1882 1015 1904 16.

353 1930 399 1959 (2)
414 1927 504 1956 Orfita,
523 1926 589 1949 me‘d.
611 1925 677 1955 leg„
697 1928 758 1947 tom.
780 1925 802 1946 Ι.
822 1927 887 1954 part.
908 1931 937 1952 2,
957 1930 1013 1953 pag.
1031 1922 1085 1945 584.

352 1970 398 2000 (3)
414 1968 492 1996 Petit,
510 1966 604 1990 malad.
625 1965 690 1989 chit.

355 2010 398 2039 (4)
417 2009 511 2039 Boyer,
531 2006 624 2029 malad.
643 2005 708 2029 chir.
720 2022 727 2034 ‚
747 2009 808 2028 tom.
829 2004 893 2033 VII,
911 2011 969 2035 pag.
986 2002 1088 2026 505-6.

356 2050 402 2080 (5)
417 2048 512 2077 Orfila,
532 2047 599 2070 med.
619 2046 684 2077 letg„
702 2050 763 2069 tom.
789 2047 812 2069 Ι.
831 2049 897 2076 part.
920 2052 947 2071 τι,
967 2051 1023 2074 pag.
1044 2042 1099 2073 594.

354 2089 545 2121 (6)Dictio1m.
566 2088 607 2111 des
623 2087 726 2110 scieuces
743 2086 829 2115 med„
856 2090 905 2108 art.
929 2085 1052 2109 Blessure.
1097 2082 1190 2113 Boyer,
1213 2079 1369 2110 Richerand,
1398 2077 1491 2108 Orfila,
1513 2080 1574 2100 tom.
1603 2077 1624 2099 1.

293 2125 361 2153 part.
384 2130 412 2152 2,
432 2128 490 2152 pag.
510 2119 571 2150 5945
597 2118 654 2144 Van
671 2118 798 2148 Coetsem,
820 2124 847 2147 p.
867 2116 906 2139 26.
