1747 2620
883 240 894 283 (
920 242 962 275 70
985 240 996 284 )

277 322 354 352 tiam
381 325 518 350 nostram
545 318 627 349 circa
652 316 863 348 lethalitatem
888 315 1062 348 vulnerum
1090 314 1188 345 sterni
1217 312 1430 344 stabiliamus:
1460 313 1614 345 fracturas

276 376 392 415 sterni,
417 375 442 405 si
463 374 642 416 fragmenta
669 383 732 402 non
754 371 965 409 dislocantur,
987 381 1051 400 nou
1074 367 1215 399 multum
1232 367 1369 410 periculi
1389 377 1454 410 prae
1475 377 1507 397 se
1530 367 1613 398 ferire

277 437 306 462 et
330 441 394 460 non
418 428 479 459 nisi
506 438 562 469 pei·
584 426 730 457 accidens
756 435 821 455 esse
845 423 1026 462 lethiferas,
1049 421 1134 464 quod
1158 422 1182 452 si
1203 427 1329 460 contra,
1356 420 1543 463 fragmentis
1562 421 1615 452 in-

277 491 367 516 terne
387 481 589 523 inin-opulsis,
613 479 663 510 vel
683 478 794 520 pulmo
814 476 865 507 vel
887 488 940 507 cor
960 477 1127 518 insigniter
1148 474 1324 513 laeduntur,
1349 480 1481 505 mortem
1500 473 1615 505 exinde

276 537 484 570 necessariam
506 540 538 565 et
557 543 646 563 nunc
667 532 779 569 eitam,
805 541 893 562 nunc
913 536 1020 561 autem
1038 530 1155 560 lentam
1176 529 1328 571 produci,
1351 528 1478 559 tandem
1499 529 1615 560 cariem

276 588 515 623 contusionibus
536 586 700 630 provocari
724 595 829 628 posse,
852 595 924 626 quae
945 583 1100 614 damnum
1123 594 1232 614 revera
1255 583 1476 625 gravissimum
1498 594 1563 625 prae
1584 594 1615 613 se

277 646 356 684 fert,
379 643 433 675 sed
453 643 504 674 cui
525 647 630 672 tamen
648 639 768 670 mederi
790 638 866 669 licet
885 644 917 669 et
936 643 1049 680 potest.
1069 637 1264 680 Appendicis
1279 637 1410 668 demum
1424 636 1615 679 Xiphoideae

276 700 449 736 fracturas,
471 694 530 726 sub
556 693 673 737 quihus
696 703 766 724 vasa
787 692 971 723 mammaria
993 691 1190 730 lacerantur,
1214 690 1492 733 periculosissimas
1513 697 1544 721 et
1568 690 1616 722 vel

276 753 440 784 lethiferas
466 760 542 782 esse.

715 849 834 881 PARS
881 848 1170 879 POSTERIOR.

277 948 324 972 DE
356 943 605 971 VULNERIBUS
642 941 817 965 PARTIUM
856 940 1050 963 THORACIS
1085 938 1389 962 CONTINENTIUM
1426 938 1614 962 MOLLIUM.

533 1028 556 1071 g
593 1027 649 1058 lV.
698 1036 857 1057 VELNERA
900 1035 1137 1056 muscunonnm
1174 1034 1358 1054 TuonAms.

320 1128 465 1160 Vulnera
484 1124 703 1157 musculorum
720 1122 873 1154 differunt
891 1133 948 1164 pro
967 1121 1049 1152 vari-2⁴1
1067 1121 1357 1152 instrumentorum
1375 1119 1616 1152 vulnerantium

275 1180 472 1219 differentia,
499 1185 531 1210 et
556 1178 711 1209 damnum
737 1188 777 1207 ex
800 1175 850 1206 his
875 1174 1049 1206 oriundum
1077 1175 1172 1205 etiam
1197 1174 1321 1206 varium
1346 1179 1403 1204 est.
1437 1174 1617 1207 Laeduntur

275 1235 412 1268 musculi
443 1234 657 1264 instrumento
685 1230 738 1260 vel
765 1234 908 1267 secante,
944 1227 994 1259 vel
1021 1233 1203 1270 pungente,
1233 1227 1283 1259 vel
1310 1227 1530 1258 contundente
1557 1228 1617 1270 (1).

275 1291 349 1321 Tria
361 1290 418 1320 ista
430 1286 602 1320 vulnerum
616 1294 732 1326 genera
745 1292 971 1325 percurremus
982 1287 1014 1312 et
1025 1281 1109 1313 varia
1122 1281 1236 1312 horum
1250 1281 1394 1322 pericula
1406 1292 1616 1324 exponemus.

320 1344 426 1386 Plagae
457 1343 671 1373 instrumento
700 1343 827 1368 secante
856 1335 1007 1367 Thoracis
1030 1335 1185 1367 musculis
1213 1335 1358 1375 inflictae,
1386 1335 1518 1378 reliquis
1547 1347 1618 1367 om—

275 1398 370 1430 nibus
395 1397 501 1428 minus
529 1399 605 1426 sunt
630 1391 816 1436 periculosae
838 1391 902 1433 (2),
933 1401 971 1421 ex
994 1401 1031 1421 eo
1054 1390 1140 1432 quod
1162 1390 1416 1421 instrumentum
1440 1401 1565 1429 secans,
1592 1390 1617 1420 si

274 1463 413 1485 nervum
437 1448 610 1493 quemdam
637 1447 753 1489 tangit,
783 1451 884 1476 totum
908 1444 1000 1476 illum
1023 1443 1193 1483 abscindit,
1220 1454 1322 1486 quum
1343 1449 1473 1474 econtra
1493 1444 1617 1475 instru-

276 1512 423 1538 mentum
446 1513 593 1546 pungens
614 1507 720 1544 partes
744 1506 776 1531 et
798 1510 928 1539 nervos,
953 1509 1031 1541 quos
1050 1498 1153 1538 laedit,
1174 1498 1292 1529 lacerat
1315 1498 1420 1540 potius
1441 1508 1538 1540 quam
1559 1496 1617 1528 ab-

275 1560 391 1592 scindit
415 1564 447 1590 et
468 1558 513 1588 sic
537 1561 748 1600 symptomata
772 1555 878 1598 gravia
908 1560 1094 1595 atrocesque
1119 1552 1242 1583 dolores
1269 1551 1436 1594 producit3
1462 1557 1615 1594 praeterea

275 1626 340 1646 non
361 1613 409 1645 uti
429 1622 537 1643 secans
557 1616 684 1641 tantum
708 1608 831 1652 liquido
852 1607 1010 1638 effluxuro
1030 1606 1127 1639 favet.
1154 1605 1257 1636 Multo
1275 1605 1372 1636 etiam
1393 1605 1501 1635 minus
1523 1604 1615 1635 dam-

276 1679 357 1699 num
380 1667 630 1697 instrumentum
649 1674 757 1694 secans
773 1673 869 1704 quam
887 1659 1088 1691 contundens
1105 1659 1273 1703 producit,
1293 1658 1379 1701 quod
1394 1669 1451 1701 per
1467 1669 1499 1689 se
1515 1664 1614 1701 patet.

275 1722 390 1764 Magna
407 1718 492 1762 apud
509 1723 654 1749 auctores
669 1722 702 1747 et
718 1717 888 1759 conspicua
905 1714 1052 1757 exempla
1068 1715 1247 1746 sectionum
1263 1713 1446 1756 ingentium
1461 1712 1616 1743 musculis

276 1773 489 1819 pectoralibus
510 1771 671 1803 illatarum
694 1776 853 1813 prostant,
876 1781 946 1812 quae
967 1775 1035 1800 arte
1053 1769 1173 1812 optime
1195 1773 1311 1799 sanatae
1330 1767 1441 1807 fuere,
1460 1777 1499 1798 ex
1514 1767 1615 1798 innu-

278 1829 373 1861 meris
390 1827 441 1858 hic
462 1826 536 1857 bina
555 1824 653 1867 seligo
671 1825 736 1867 (3):
770 1836 788 1855 »
806 1824 897 1856 Miles
918 1824 1054 1855 acinacis
1074 1823 1217 1865 (Sabre)
1241 1823 1343 1854 ictum
1366 1821 1488 1863 recepit
1507 1820 1615 1863 longi-

280 1897 299 1916 ))
315 1881 513 1921 tudinalem,
544 1882 628 1911 inter
662 1879 761 1910 basim
788 1879 925 1922 scapulae
950 1885 982 1909 et
1008 1877 1184 1921 apophyses
1212 1877 1350 1919 spinosas
1376 1874 1529 1915 dorsales,
1557 1874 1614 1917 qui

276 1949 1327 1963 ——p-——ffl—

339 1996 372 2026 (ι)
389 1995 480 2024 Boyer,
500 1992 616 2015 maladies
631 1992 756 2023 chirurg.,
776 1996 837 2015 tom.
857 1991 917 2014 V11.
938 1998 996 2021 pag.
1014 1990 1068 2018 252,
1085 1989 1146 2012 edit.
1167 1988 1295 2012 Parisinae.

339 2036 372 2065 (α.)
389 2033 464 2062 Petit,
484 2032 554 2056 traite'
570 2032 610 2054 des
627 2031 743 2055 maladies
759 2032 884 2062 chirurg.,
905 2035 966 2053 tom.
987 2032 1010 2052 1.
1032 2037 1089 2060 pag.
1110 2030 1139 2051 Go
1150 2043 1161 2046 -
1173 2029 1215 2053 61.

339 2074 472 2106 (3)1bid.,
627 2071 707 2101 ibid.‚
902 2076 963 2095 tom.
985 2072 1008 2094 Ῑ.
1032 2079 1089 2102 pag.
1111 2070 1211 2101 76—77.
