1747 2620
742 243 854 287 (33)

128 323 333 361 competente
355 316 553 360 postulandi,
578 323 615 349 ut
636 329 672 350 ea
693 325 838 358 revocet,
860 330 933 362 quae
954 320 993 352 ab
1013 321 1081 364 ipso
1101 321 1253 355 adversus
1279 326 1358 368 reip.
1391 339 1469 360 con-

129 372 309 403 stitutiones
333 377 389 402 aut
409 371 494 414 leges
516 371 599 415 jussa
619 372 762 413 fuerint3
790 379 888 416 atque
906 374 931 405 si
956 374 1010 406 ille
1031 376 1197 418 postulatis
1218 390 1281 409 non
1302 379 1469 424 obtempe-

130 426 262 464 raverit,
289 425 434 467 querelas
458 425 496 456 ad
520 425 588 469 ejus
613 427 811 469 superiorem
837 435 1043 470 convertere,
1076 442 1148 474 quae
1170 433 1195 463 si
1218 434 1313 465 etiam
1338 435 1469 468 inutiles

130 480 253 511 suerint
277 478 470 522 judiciorum
496 480 546 511 via
576 479 710 511 subditis
738 487 836 524 patet.
869 482 941 514 Huc
967 484 1063 515 etiam
1089 487 1228 528 pertinet
1254 488 1389 520 facultas
1411 491 1469 522 ad—

129 533 368 564 ministrationis
393 532 530 576 puhlicae
555 534 705 574 consilia,
732 536 975 568 constitutiones
999 543 1097 581 atque
1122 539 1353 583 ordinationes,
1382 543 1468 576 salva

127 587 231 618 debita
258 586 345 618 illius
369 589 575 620 veneratione
599 589 729 632 publico
750 589 869 633 judicio
891 590 1122 634 submittendi,
1152 600 1248 638 atque
1272 597 1466 639 petitionum

125 640 191 685 jus,
215 641 301 683 quod
320 641 449 673 dicitur.

169 694 286 725 Omnia
309 701 416 727 autem
434 695 503 727 haec
522 695 593 738 jura
608 696 743 728 subditis
761 697 795 729 in
815 697 927 741 Belgio
948 710 1093 732 concessa
1114 712 1196 742 esse,
1217 710 1274 734 art.
1298 705 1356 736 161
1378 707 1413 736 L.
1431 707 1466 737 F.

125 754 233 791 aperte
257 748 379 792 probat.
1241 759 1247 761 ‘

167 836 271 867 XVII.
306 836 483 880 Hucusque
511 837 735 881 descripsimus
761 838 917 871 ambitum
942 839 1097 873 libertatis
1118 843 1220 875 civilis
1247 846 1406 878 extraneis
1430 847 1466 878 in

121 889 234 931 Belgio
256 890 397 930 relictae,
426 892 671 934 praecipuasque
693 894 956 924 enumeravimus
980 895 1073 937 Legis
1099 896 1194 927 fund.
1225 897 1464 941 dispositiones,

122 943 240 985 quibus
262 943 496 975 determinatur
511 944 637 975 residua
653 944 706 975 illa
725 944 880 976 libertatis
899 947 1054 979 naturalis
1074 950 1192 991 portio,
1214 962 1310 994 quam
1328 953 1464 995 subditi,

122 997 219 1027 etiam
247 998 409 1037 extranei,
435 1004 548 1041 utpote
575 1010 649 1029 cum
678 999 814 1030 civitatis
839 1000 903 1031 fine
929 1012 1027 1042 quam
1057 1004 1179 1044 optime
1210 1006 1464 1049 conciliandam,

121 1049 180 1080 sibi
201 1051 417 1081 retinuerunt.
444 1051 566 1081 Nititur
585 1057 694 1082 autem
715 1052 768 1083 illa
795 1053 855 1084 hoc
875 1053 956 1097 juris
975 1055 1209 1097 fundamento,
1233 1061 1323 1102 quod
1345 1062 1465 1094 subditi

119 1102 244 1133 nullam
260 1108 403 1132 connatae
421 1102 576 1133 libertatis
597 1105 829 1137 restrictionem
846 1108 912 1149 pati
933 1113 1123 1149 teneantur,
1142 1112 1201 1142 nisi
1218 1113 1251 1143 in
1272 1124 1368 1156 quam
1385 1127 1464 1147 con-

117 1155 283 1186 senserint.
316 1155 363 1185 Ut
382 1166 458 1187 vero
478 1155 680 1189 subditorum
705 1157 756 1202 jus
777 1159 932 1193 libertatis
951 1162 1053 1194 civilis
1073 1163 1224 1197 adversus
1249 1179 1376 1200 omnem
1399 1171 1464 1202 im—

115 1209 197 1251 perii
222 1208 383 1241 laesionem
410 1216 491 1241 esset
515 1212 769 1254 praemunitum,
802 1215 995 1247 monarchiae
1024 1218 1181 1259 perfectio
1202 1222 1401 1263 requirebat,
1424 1231 1462 1256 ut

115 1262 199 1294 cives
220 1262 328 1306 Belgae
352 1264 412 1306 ipsi
436 1266 533 1296 etiam
557 1265 615 1296 sibi
636 1265 687 1310 jus
707 1275 925 1309 reservarent,
951 1269 991 1301 ad
1016 1270 1101 1314 leges
1122 1272 1269 1305 ferendas
1297 1276 1460 1321 simulque

113 1315 154 1347 ad
173 1317 377 1359 magistratus
397 1317 552 1360 quosdam
572 1320 825 1361 constituendos,
851 1333 909 1364 per
931 1331 1198 1366 repraesentantes
1223 1331 1458 1363 concurrendi:

114 1369 202 1412 quod
223 1369 274 1413 jus
293 1371 460 1402 constituit
482 1372 672 1403 libertatem
684 1374 877 1415 politicam.

157 1457 277 1488 XVIII.
303 1457 359 1488 Illa
380 1463 489 1489 autem
510 1457 664 1491 libertatis
681 1459 822 1503 politicae
836 1461 925 1506 jura,
949 1465 983 1495 in
998 1464 1110 1510 Belgio
1125 1470 1313 1511 constituta,
1331 1472 1459 1514 potissi-

114 1522 203 1542 mum
224 1513 395 1554 ¹sequentia
416 1519 509 1544 sunt:

158 1565 202 1606 1)
236 1565 343 1597 Nullae
368 1565 454 1609 leges
479 1567 577 1607 ferri,
610 1579 647 1599 ac
671 1568 755 1600 nulli
781 1576 907 1603 sumtus
931 1573 1055 1616 publici
1080 1578 1204 1620 erogari
1229 1585 1362 1621 possunt
1390 1580 1459 1612 sine

114 1619 232 1650 civium
242 1643 250 1659 ,
263 1631 341 1663 quos
353 1621 541 1653 mandatarii
554 1630 799 1666 repraesentant,
812 1636 984 1667 consensu,
997 1629 1075 1670 (art.
1090 1630 1152 1662 105
1165 1637 1197 1662 et
1210 1633 1268 1662 121
1284 1633 1320 1664 L.
1333 1633 1459 1677 Fund.)

113 1679 327 1716 praeterquam
353 1674 392 1706 de
416 1675 453 1706 iis
484 1687 556 1719 quae
583 1677 622 1709 ad
651 1679 902 1720 promovendam
930 1682 1134 1715 subditorum
1160 1686 1393 1728 perFectionem
1426 1695 1459 1720 et

113 1725 296 1760 felicitatem
315 1735 476 1772 spectant,
496 1741 568 1773 quae
585 1731 682 1763 solius
697 1734 780 1776 regis
799 1735 1008 1768 sollicitudini
1024 1743 1120 1781 atque
1136 1750 1221 1771 curae
1238 1740 1348 1772 relicta
1365 1748 1456 1783 sunt,

116 1789 212 1821 quam
231 1786 339 1814 tamen
362 1785 446 1815 intra
467 1784 585 1817 limites
604 1787 691 1830 Lege
716 1787 810 1820 fund.
834 1791 1023 1822 constitutos
1048 1798 1080 1823 et
1104 1804 1180 1824 cum
1201 1805 1298 1825 onere
1318 1796 1457 1828 rationes

115 1831 202 1864 illius
216 1845 320 1867 coram
335 1837 511 1871 Ordinibus
527 1840 740 1874 Generalibus
754 1842 925 1886 reddendi,
942 1856 1092 1878 exercere
1108 1853 1248 1879 tenetur.
1266 1848 1356 1890 (Art.
1374 1851 1454 1891 190,

117 1886 198 1927 196,
225 1889 292 1920 226
312 1890 351 1922 ad
372 1893 437 1924 228
461 1894 497 1925 L.
523 1894 650 1938 Fund.)
680 1897 738 1940 (1).

140 1951 1436 1977 Ἣ

117 2010 121 2015 ¹
156 1982 201 2015 (ι)
218 1981 316 2012 Optime
333 1983 380 2007 huc
396 1987 541 2016 applicanda
560 1990 676 2014 videntur
694 1993 768 2015 verba
786 1993 826 2016 CI.
844 1993 874 2016 Ρ.
892 1994 922 2016 C.
939 1994 968 2017 F.
986 1994 1109 2018 Daimon:
1131 1997 1209 2020 Essat'
1221 2006 1265 2021 Sur
1276 2000 1312 2022 les
1327 2002 1455 2030 garanties

111 2011 204 2037 mdiv-2
223 2020 282 2042 pag.
299 2014 329 2035 4:
356 2023 369 2035 ι)
381 2015 433 2038 Une
450 2018 536 2041 societe'
553 2021 583 2042 οὐ
597 2021 646 2044 Γοῐι
663 2023 833 2052 parvieudrait
850 2024 864 2046 a
882 2029 968 2048 mettre
984 2026 1078 2049 chacun
1094 2027 1135 2049 des
1154 2031 1287 2058 gouverne's
1305 2031 1318 2052 a
1336 2031 1406 2053 l'abri
1425 2031 1455 2054 de

111 2049 124 2062 >5
142 2045 208 2076 toute
226 2044 378 2073 oppression,
398 2047 471 2069 serait
489 2048 543 2077 tle'ja
561 2050 579 2072 si
597 2053 710 2081 paisible,
733 2055 809 2084 qu'on
824 2055 937 2085 pourrait
955 2055 1009 2079 bien
1024 2057 1183 2082 abandonner
1199 2067 1248 2083 aux
1266 2068 1420 2092 gouveruans
1431 2062 1453 2085 le

111 2079 125 2092 »
141 2079 194 2096 som
213 2072 242 2096 de
258 2074 283 2097 la
299 2075 385 2098 rendre
404 2076 433 2100 de
447 2077 502 2108 plus
517 2087 547 2102 en
562 2080 618 2111 plus
635 2083 781 2107 heureuse.'‘
1017 2117 1033 2145 5
