1747 2620
887 273 1022 318 (130)

294 352 484 396 perscrutati
506 362 618 382 sumus
643 350 810 393 scriptores
832 349 999 381 medicinae
1020 349 1153 380 forensis
1176 348 1239 391 (1),
1269 348 1308 380 ad
1333 361 1436 382 unum
1460 360 1570 381 omnes
1595 350 1629 381 in

293 419 330 439 eo
352 406 567 444 conveniunt,
599 411 636 436 ut
661 404 823 435 declarent
851 409 982 435 cunctas
1005 403 1146 434 laesiones
1170 403 1260 434 istius
1285 403 1412 448 majoris
1441 404 1628 448 lymphatici

291 462 390 500 vasis,
422 471 487 491 esse
514 459 689 490 necessario
719 464 750 488 et
775 456 983 487 essentialiter
1013 456 1197 496 lethiferas3
1229 462 1261 488 et
1285 468 1374 489 nunc
1401 458 1509 497 lente,
1539 469 1629 489 nunc

290 516 384 545 citius
407 513 613 556 pedisequam
638 510 755 541 habere
778 515 930 540 mortem:
952 510 1129 540 istiusmodi
1150 510 1322 543 vulnerum
1341 511 1551 543 lethalitatem
1571 511 1629 542 de-

290 569 416 599 ducunt
440 578 478 597 ex
502 578 554 605 eo,
581 565 666 608 quod
689 570 783 607 rupto
809 563 863 594 illo
887 563 988 595 canali
1016 563 1129 607 chylus
1154 570 1250 607 atque
1274 565 1407 609 lympha
1431 566 1547 597 itinere
1571 576 1629 596 suo

290 621 524 664 impediantur,
549 619 633 662 quod
655 618 717 649 illae
739 617 885 648 materies
908 617 1169 649 reficientes'non
1191 619 1329 661 amplius
1347 620 1538 663 sanguinem
1561 631 1628 651 nu-

288 676 402 713 triant,
425 674 545 718 quippe
568 673 642 716 quia
662 684 727 703 non
748 672 796 703 uti
818 677 910 702 antea
931 671 970 702 ad
991 682 1088 704 venas
1106 673 1290 705 subclaveas
1310 674 1550 713 tranferuntur,
1572 672 1627 704 sed

287 731 320 761 in
333 730 484 760 Thoracis
499 740 614 760 cavum
628 732 870 759 extravasantur
884 732 916 757 et
931 726 1053 769 duplici
1070 727 1161 758 modo
1178 728 1276 759 vitam
1293 728 1426 759 sauciati
1441 728 1626 759 destruunt:

286 796 361 815 nam
378 783 514 823 scilicet,
541 794 604 813 non
624 781 845 813 tantummodo
871 782 1037 812 materiem
1055 781 1072 812 a
1089 782 1265 824 digestione
1281 788 1314 813 et
1329 781 1529 825 absorptione
1550 793 1627 824 pro—

286 839 415 870 ductam
441 850 506 869 non
535 837 672 880 amplius
702 837 813 867 ferunt
843 837 876 867 in
906 842 1041 879 systema
1068 836 1314 879 sanguiferuni,
1342 837 1396 868 cui
1428 842 1507 867 tunc
1538 835 1626 866 deest

286 892 431 923 debitum
462 898 559 934 atque
589 891 803 921 necessarium
833 891 1089 929 nutrimentum,
1120 891 1174 921 sed
1202 897 1355 933 praeterea
1387 901 1482 922 omne
1509 890 1626 921 harum

283 946 431 978 binarum
450 946 654 977 functionum
672 944 883 988 productum,
903 956 941 975 ex
961 945 1062 976 ductu
1080 944 1255 975 Thoracico
1271 944 1390 984 fluens,
1406 946 1439 975 in
1456 945 1625 976 cavitatem

283 999 478 1043 pectoralem
500 998 659 1030 delabitur
685 1005 781 1040 atque
807 998 902 1041 longe
929 998 1059 1041 lateque
1082 999 1261 1042 exspatians
1287 998 1465 1042 hydropem
1489 998 1625 1029 lacteam

283 1054 382 1086 nullis
409 1053 558 1084 remediis
582 1053 755 1084 curandam
783 1052 976 1083 determinat
998 1052 1056 1095 (⁶2).
1088 1052 1295 1096 Quamquam
1320 1053 1515 1096 optimorum
1540 1052 1627 1084 viro-

284 1120 357 1140 rum
384 1109 573 1139 auctoritate
606 1107 674 1138 haec
701 1108 857 1137 sententia
885 1107 1106 1147 suffulciatur,
1136 1113 1297 1147 attamen,
1323 1119 1359 1139 ea
1385 1107 1448 1150 qua
1472 1106 1625 1150 juvenem

283 1168 380 1205 atque
402 1168 547 1205 tyronem
570 1161 662 1191 decet
683 1160 807 1192 cautela
827 1167 924 1203 atque
939 1161 1108 1199 modestia⁷
1130 1161 1277 1203 quaedam
1296 1173 1367 1194 sum
1384 1161 1417 1191 in
1433 1161 1624 1192 contrariam

283 1216 466 1258 opinionem
488 1215 611 1245 laturus
633 1220 839 1256 argumenta,
861 1226 900 1245 ex
920 1215 1019 1257 ipsius
1042 1215 1159 1246 (luctus
1177 1214 1336 1246 anatomia
1360 1214 1623 1258 physiologiaque

282 1270 461 1312 desumpta.
488 1269 727 1299 Praemonemus
749 1268 801 1299 hic
822 1268 1008 1300 difficillime
1029 1274 1062 1300 et
1083 1269 1151 1300 fere
1172 1280 1342 1311 nunquam
1366 1269 1435 1300 fieri
1457 1280 1562 1311 posse,
1587 1275 1625 1300 ut

281 1323 383 1367 majus
403 1323 484 1354 illud
507 1334 559 1355 vas
576 1323 811 1366 lymphaticum
833 1323 934 1354 solum
956 1323 1108 1362 laedatur,
1129 1322 1248 1365 absque
1268 1334 1306 1354 eo
1327 1329 1363 1354 ut
1384 1329 1496 1354 caetera
1517 1324 1623 1365 ipsum

281 1377 512 1409 circumdantia
539 1389 656 1420 organa
682 1377 912 1409 vulnerentur:
938 1383 1042 1420 posset
1067 1383 1174 1408 tamen
1197 1377 1279 1408 illud
1302 1376 1409 1408 locum
1435 1376 1554 1408 hahere
1577 1376 1622 1415 si,

280 1431 369 1464 verbi
395 1432 504 1471 causa,
532 1431 650 1463 vulnus
675 1432 710 1463 in
736 1433 873 1475 spatium
899 1431 1100 1462 intercostale
1126 1430 1287 1474 quoddam
1313 1441 1412 1473 prope
1438 1430 1621 1461 columnam

339 1565 383 1592 (1)
401 1563 507 1591 Mallon,
532 1563 654 1586 medecine
672 1564 760 1595 legale,
785 1568 843 1586 tom.
869 1564 901 1585 11.
927 1570 981 1593 pag.
1001 1562 1037 1592 96.
1066 1562 1168 1590 Fode're',
1193 1566 1253 1584 tom.
1274 1562 1322 1584 111.
1347 1561 1418 1591 chap.
1436 1562 1469 1583 11.
1492 1568 1546 1591 pag.
1565 1561 1618 1591 337.

279 1603 388 1630 Alberss,
403 1604 595 1634 jurisprudentia
609 1605 715 1633 medica,
732 1612 786 1634 pag.
798 1605 851 1633 329.
872 1603 994 1630 Bohnius⁷
1008 1610 1061 1633 pag.
1077 1611 1128 1632 272.
1148 1601 1314 1629 Hebeustreit,
1331 1601 1500 1632 antropologia
1512 1602 1620 1625 humana

278 1644 393 1672 sorensiS,
412 1652 464 1675 pag.
482 1646 534 1674 477.
554 1646 669 1676 Metzger,
691 1645 860 1676 gerechtelyke
877 1643 1027 1671 heeIkunde,
1050 1647 1109 1666 tom.
1128 1644 1161 1665 11.
1180 1650 1235 1673 pag.
1254 1643 1276 1665 4.
1298 1642 1329 1665 Ei
1345 1642 1418 1665 multi
1436 1642 1480 1665 alii
1499 1649 1558 1672 quos
1579 1641 1619 1665 hic

278 1684 381 1713 adjicere
401 1684 488 1706 inutile
506 1684 574 1708 duxi.

337 1725 378 1753 (2)
398 1724 502 1751 Mahon,
522 1725 538 1746 l.
557 1725 588 1753 l.‚
608 1729 667 1747 tom.
684 1727 717 1748 ΙΙ.
737 1734 791 1756 pag.
810 1727 846 1756 96.
871 1725 973 1753 Fode're',
997 1730 1056 1748 tom.
1079 1726 1126 1747 111.
1147 1732 1202 1755 pag.
1222 1725 1274 1753 357.
1299 1723 1469 1751 Hebenstreit,
1488 1730 1543 1754 pag.
1562 1723 1617 1753 477.

276 1764 381 1794 Antiqui
397 1769 504 1787 auctores
524 1765 719 1788 membranarum
738 1774 870 1789 svrosarum
893 1766 1027 1789 functionis
1046 1766 1135 1796 ignari,
1155 1765 1280 1795 hydropes
1299 1763 1347 1786 sere
1368 1771 1451 1786 omnes
1465 1763 1524 1786 oriri
1542 1762 1619 1786 credi-

276 1805 364 1828 derunt
387 1813 415 1828 ex
435 1806 537 1834 alicujus
561 1806 709 1836 lymphatici
734 1807 833 1836 majoris
856 1808 919 1830 vasis
937 1808 1037 1837 ruptura
1062 1806 1099 1829 vel
1119 1805 1304 1833 dilaceratione,
1324 1812 1377 1835 quae
1393 1804 1504 1834 lymphae
1523 1803 1617 1826 exitum

276 1846 383 1875 praebens
399 1846 568 1868 collectionum
589 1847 779 1877 hydropicarnm
799 1848 823 1870 in
841 1854 937 1870 causam
953 1848 1031 1874 stetit3
1049 1846 1198 1869 atenimvero
1218 1846 1244 1868 iu
1262 1845 1318 1873 illo,
1336 1853 1384 1875 qno
1399 1852 1465 1867 nunc
1479 1848 1514 1867 est
1530 1844 1616 1874 patho-

274 1886 340 1916 logia
358 1890 435 1914 statu,
455 1886 555 1908 meliora
571 1887 663 1914 edocti,
680 1891 829 1917 compertum
845 1887 946 1909 omniuo
961 1886 1077 1909 habemus
1094 1887 1243 1917 hydropicus
1258 1885 1398 1908 affectiones
1413 1893 1462 1908 nou
1479 1892 1492 1907 a
1503 1892 1617 1908 vasorum

274 1925 485 1956 lymphaticorum
503 1927 602 1956 ruptura
621 1926 736 1956 pendere,
758 1927 796 1949 sed
812 1927 919 1957 ipsarum
937 1927 1016 1950 sedem
1035 1928 1059 1950 in
1079 1927 1226 1950 membranis
1243 1926 1327 1949 serosis
1340 1926 1454 1954 existere,
1472 1932 1616 1956 causamque

273 1967 416 1997 primariam
432 1967 586 1997 quaerendam
604 1975 651 1989 esse
673 1968 697 1989 in
718 1968 855 1998 aequilihrio
876 1968 1055 1998 absorptionem
1076 1968 1138 1990 inter
1155 1972 1178 1990 et
1194 1967 1377 1990 exhalationem
1396 1966 1442 1989 seri
1460 1970 1545 1996 rupto;
1564 1972 1614 1988 uon

274 2007 360 2037 igitur,
379 2007 414 2029 uti
433 2007 518 2029 dicunt
539 2008 704 2035 liebemireit,
722 2007 825 2036 Fode're,
843 2008 947 2037 Mahon,
967 2016 1031 2031 mors
1047 2017 1077 2031 ex
1097 2009 1197 2032 vulnere
1225 2007 1312 2030 ductus
1329 2007 1457 2030 Thoracici
1480 2006 1613 2036 profluens,

273 2048 302 2069 ab
315 2047 426 2077 hydrope
438 2047 566 2076 Thoracis,
583 2048 623 2071 sed
639 2048 730 2078 potius,
745 2049 780 2072 nti
797 2049 892 2072 Alberti
908 2049 1011 2080 profert,
1028 2057 1041 2073 a
1056 2048 1150 2073 defectu
1162 2049 1201 2073 vel
1213 2053 1236 2072 et
1247 2048 1321 2072 etiam
1331 2051 1491 2071 extravasatae
1505 2045 1615 2077 lymphae

272 2087 391 2118 pressione
409 2087 590 2119 praesertimque
604 2089 677 2118 hujus
693 2089 847 2120 corruptione
864 2091 964 2114 orietur.
