1747 2620
414 362 437 405 5
469 362 524 393 VI.
571 373 607 393 na
636 370 822 393 PULMoanus
853 372 889 391 ET
919 371 985 397 QUAE
1014 372 1060 391 ms
1088 371 1199 392 JUNCTA
1227 371 1302 392 SUNT
1331 370 1470 392 oncAms.

816 468 858 487 DE
903 468 1065 488 PLEURIS-

327 541 476 572 Thoracis
496 552 608 572 cavum
625 541 658 570 in
677 538 766 569 binas
786 543 890 580 partes
908 537 1050 569 laterales
1066 538 1154 581 (pag.
1174 538 1291 581 15.)et
1306 550 1404 570 unam
1424 537 1602 582 medianam

284 595 465 633 divisimus,
493 593 695 635 diximusque
717 591 804 623 binas
825 590 968 622 laterales
995 591 1197 633 pulmonibus
1221 592 1409 634 recipiendis
1435 591 1603 623 destinatas

284 658 364 686 esse,
391 653 422 678 et
441 647 570 677 omnino
593 645 632 676 ab
652 646 725 688 ipsis
745 644 882 687 impleri.
913 644 1085 675 Pulmones
1106 645 1268 676 enimvero
1294 646 1327 676 hi
1347 646 1407 688 ipsi
1426 644 1603 676 includun-

284 706 355 739 tur,
375 700 519 742 singulus
541 711 597 730 suo
621 710 709 729 sacco
731 709 848 737 SerOSO,
872 697 992 740 pleurae
1017 699 1146 729 nomine
1171 698 1353 740 designato;
1375 698 1485 741 pleura
1506 698 1604 729 unius

283 754 388 784 lateris
408 765 508 796 quum
525 763 591 784 sese
611 752 721 783 eodem
742 750 834 782 modo
856 762 891 781 ac
910 750 1019 793 pleura
1040 750 1145 782 lateris
1166 752 1300 794 oppositi
1318 751 1448 791 habeat,
1464 762 1562 782 unam
1577 750 1604 781 si

283 807 495 838 describamus
516 806 645 837 alterius
671 806 816 836 notitiam
841 810 1038 846 perspectam
1060 804 1258 836 habebimus.
1286 805 1343 836 Uti
1368 815 1477 835 omnes
1501 815 1604 834 mem-

282 861 388 892 branae
407 872 516 891 serosae
541 859 665 902 singula
685 859 795 901 pleura
821 868 947 888 saccum
971 858 1150 899 inapertum
1173 858 1351 897 constituit,
1373 857 1464 901 cujus
1482 863 1519 888 ut
1539 856 1604 887 dis-

283 914 469 956 positionem
485 914 545 944 rite
566 918 673 943 mente
695 911 872 953 capiamuS,
894 916 1018 952 oportet
1033 916 1070 941 ut
1084 911 1181 952 ipsam
1205 923 1220 941 a
1243 916 1360 952 puncto
1375 910 1511 953 quodam
1528 920 1604 952 pro-

282 968 472 998 ficiscentem
500 968 532 997 in
558 966 671 996 itinere
695 976 752 995 suo
775 975 964 1006 sequamur,
991 962 1091 993 donec
1116 963 1154 993 ad
1178 970 1336 1005 punctum
1359 963 1445 994 unde
1469 962 1604 1005 profecti

283 1032 392 1051 sumus
405 1044 413 1059 ,
453 1019 682 1061 regrediamur.
728 1017 969 1048 proficiscamur
1007 1016 1104 1058 igitur
1140 1029 1156 1047 a
1193 1023 1283 1059 parte
1324 1016 1446 1047 laterali
1484 1016 1604 1056 sterni,

283 1073 356 1104 inde
387 1079 563 1104 extrorsum
590 1073 739 1114 dirigitur
767 1071 806 1102 ad
832 1071 945 1101 faciem
971 1071 1129 1100 internam
1158 1071 1285 1112 parietis
1313 1070 1479 1109 Thoracis,
1508 1080 1605 1112 quam

284 1127 413 1157 omnino
440 1132 472 1157 et
503 1125 717 1168 undequaque
746 1123 876 1155 obducit
902 1122 1084 1154 immediate
1109 1125 1199 1154 costis
1224 1123 1411 1154 incumbens
1435 1129 1467 1154 et
1496 1123 1540 1154 sic
1566 1122 1606 1154 ad

284 1180 464 1211 columnam
482 1178 689 1211 vertebralem
708 1178 871 1221 pervenit,
891 1182 1057 1219 postquam
1078 1176 1228 1207 inferiora
1244 1181 1356 1208 'versus
1373 1182 1468 1207 totam
1490 1176 1605 1207 faciem

283 1233 478 1275 superiorem
510 1232 755 1273 diaphragmatis
780 1231 968 1269 obduxerit,
995 1230 1072 1261 dum
1102 1241 1239 1272 superne
1267 1230 1369 1272 (infra
1393 1229 1513 1260 scilicet
1536 1230 1606 1272 pri—

283 1298 366 1317 mam
386 1285 523 1327 costam)
538 1285 626 1327 quasi
642 1285 861 1327 angiportum,
878 1284 974 1325 apicis
990 1282 1182 1325 pulmonum
1197 1282 1450 1325 receptaculum,
1471 1282 1603 1322 sormat3

283 1345 439 1370 costarum
461 1337 615 1380 capitibus
639 1337 857 1368 incumbentia
880 1336 1006 1379 ganglia
1026 1335 1198 1366 Thoracica
1224 1341 1256 1366 et
1272 1335 1419 1366 laterales.
1442 1334 1606 1367 vertebra—

283 1403 354 1423 rum
371 1397 474 1433 partes
486 1390 631 1430 obducit3
642 1402 716 1421 cum
732 1396 805 1421 ante
819 1389 1000 1420 columnam
1012 1388 1221 1420 vertebralem
1236 1389 1398 1431 pervenit,
1410 1388 1449 1419 ad
1460 1388 1606 1430 pleuram

282 1445 387 1476 lateris
418 1445 551 1487 oppositi
577 1443 714 1483 accedit,
745 1444 853 1486 sicque
875 1442 1099 1474 mediastinum
1121 1443 1275 1486 posterius
1299 1442 1365 1485 (de
1386 1453 1449 1485 quo
1468 1441 1606 1484 deinde)

282 1499 464 1538 constituit,
499 1498 572 1529 dein
605 1498 772 1540 pericardii
802 1498 899 1529 latera
921 1496 1067 1536 obducit,
1093 1507 1232 1539 moxque
1262 1496 1376 1527 faciem
1401 1496 1607 1539 posteriorem

283 1563 428 1583 vasorum
451 1551 682 1594 pulmonalium
710 1552 866 1591 vestiens,
890 1552 1028 1594 ipsorum
1055 1550 1245 1593 pulmonum
1272 1550 1386 1581 faciem
1412 1561 1607 1589 convexam,

284 1607 421 1648 apicem,
451 1605 548 1636 basim
578 1611 610 1636 et
634 1604 736 1644 lobos,
765 1617 902 1648 quorum
926 1607 959 1636 in
985 1605 1091 1648 spatiis
1112 1615 1177 1635 sese
1203 1604 1362 1642 insinuat,
1384 1603 1497 1635 vestit:
1527 1608 1606 1634 tunc

283 1669 407 1700 semper
427 1669 614 1700 semperque
629 1658 848 1701 progrediens,
867 1660 982 1690 faciem
1002 1659 1192 1690 anteriorem
1209 1668 1353 1689 vasorum
1370 1656 1604 1699 pulmonalium

283 1718 317 1742 et
341 1711 437 1742 latera
468 1712 652 1754 pericardii,
679 1723 780 1754 usque
808 1713 847 1743 ad
870 1712 938 1756 ejus
964 1719 1085 1755 partem
1116 1711 1324 1749 anteriorem,
1347 1709 1540 1750 circumdat3
1565 1709 1606 1740 ad

282 1765 425 1807 pleuram
441 1765 545 1796 lateris
561 1766 694 1807 oppositi
708 1766 825 1796 iterum
843 1765 980 1804 accedit,
1001 1776 1074 1796 cum
1090 1765 1155 1807 ipsa
1172 1763 1320 1806 congruit
1334 1768 1366 1793 et
1381 1762 1605 1793 mediastinum

285 1819 424 1849 anterius
447 1818 504 1860 (de
524 1819 578 1849 illo
600 1830 670 1849 mox
687 1819 874 1861 loquemur)
902 1819 1034 1857 format,
1055 1824 1087 1849 et
1106 1818 1150 1848 sic
1169 1816 1295 1847 tandem
1313 1815 1351 1847 ad
1369 1815 1465 1846 latera
1490 1815 1604 1852 sterni,

286 1884 302 1902 a
325 1871 436 1913 quibus
458 1872 541 1902 illam
558 1873 751 1914 incepimus,
773 1871 873 1903 redux
895 1877 950 1902 est.
974 1870 1106 1909 Pleura,
1128 1880 1185 1912 per
1200 1869 1314 1899 faciem
1330 1879 1418 1899 suam
1440 1873 1605 1898 externam

287 1931 318 1956 et
338 1925 486 1955 Thoracis
508 1927 639 1967 parietes
656 1932 687 1956 et
703 1925 897 1956 Pulmonum
918 1924 1031 1954 faciem
1049 1929 1213 1954 externam
1231 1923 1380 1961 vestiens,
1403 1920 1528 1952 sibimet
1545 1920 1604 1963 ipsi

287 1989 343 2020 per
366 1983 462 2009 totam
484 1989 572 2009 suam
591 1979 790 2021 superficiem
812 1978 942 2009 liberam
961 1982 1008 2008 est
1027 1976 1187 2018 contigua.
