1747 2620
735 252 851 296 (47)

124 326 209 370 quod
227 327 362 366 mirum,
388 326 486 358 nullis
507 325 733 370 apparentibus
753 327 1019 371 symptomatibus
1043 330 1231 373 periculosis
1253 333 1366 364 sanari.
1395 333 1459 365 Pe—

123 380 260 411 netratio
282 379 422 412 vulneris
442 392 532 412 nunc
554 380 705 412 facillime
725 392 814 412 nunc
837 388 944 414 autem
967 383 1153 416 difficillime
1172 387 1318 428 cognosci
1340 393 1458 429 potest,

123 434 231 476 prouti
247 433 366 465 vulnus
378 440 548 466 externum
565 434 711 477 patulum
730 440 762 465 et
779 435 870 466 hians
888 443 951 477 est,
969 437 1019 470 vel
1035 438 1134 479 exile,
1151 451 1288 483 parvum
1305 445 1336 470 et
1352 441 1463 471 sinuo—

123 498 193 518 sum
212 487 270 529 (1).
288 487 373 518 Olim
393 487 522 530 specillo
541 488 679 532 (sonde)
698 488 874 521 utebantur
890 490 1041 535 Chirurgi
1057 499 1094 524 ut
1113 493 1365 536 profunditatem
1388 495 1463 526 vul-

123 541 209 572 neris
226 547 483 583 perscrutarent,
505 541 559 573 illa
573 542 668 575 hodie
690 544 860 576 methodus
879 545 1039 589 rejicitur,
1060 559 1097 579 ex
1120 559 1173 588 eo,
1190 549 1275 592 quod
1297 549 1411 592 saepius
1428 549 1462 580 in

123 605 264 625 errorem
288 605 344 625 nos
373 594 492 627 ducere
518 598 614 639 possit
648 599 683 628 1ο
704 598 790 641 quod
819 599 961 631 vulneris
989 601 1121 633 directio
1151 603 1294 646 potuerit
1322 603 1461 642 mutari,

123 647 247 679 mutata
267 648 399 679 sauciati
420 650 592 692 positione3
615 652 651 682 2⁰
673 652 758 695 quod
783 653 902 686 vulnus
923 660 987 686 tam
1006 656 1089 688 exile
1107 668 1173 688 esse
1192 659 1305 701 possit,
1327 663 1365 689 ut
1384 657 1463 689 nul-

123 701 192 733 lum
223 702 391 745 specillum
421 704 588 745 admittat,
617 712 650 737 et
674 707 710 738 3⁰
730 708 791 738 nisi
820 709 999 740 cautissima
1026 722 1125 742 manu
1156 711 1329 754 dirigatur,
1359 717 1463 754 potest

121 766 244 788 novum
273 756 412 796 vulnus,
447 757 487 789 ab
516 758 637 790 inflicto
667 759 874 805 sejunctum,
909 762 1053 795 efficere:
1086 770 1211 807 oportet
1239 771 1276 796 ut
1303 764 1462 808 judicium

121 815 266 842 nostrum
279 810 319 842 de
329 812 551 854 penetratione
568 824 718 845 eruamus
737 826 755 846 e
774 817 1055 860 symptomatibus,
1071 830 1143 861 quae
1159 819 1228 850 fere
1244 830 1370 862 semper
1387 819 1462 850 vul—

120 875 197 896 nera
219 866 419 907 penetrantia
441 867 714 909 concomitantur3
738 869 764 900 si
785 870 871 901 enim
888 882 991 902 unum
1014 871 1142 904 aliudve
1161 884 1318 916 organum
1334 872 1462 904 laeditur

120 919 155 950 in
181 918 344 959 Thorace,
381 921 530 962 protinus
554 921 703 963 ponderis
736 922 771 953 in
798 923 1040 967 diaphragmate
1071 926 1207 957 sensatio
1241 925 1385 958 oboritur
1419 937 1461 957 ex

120 978 319 1005 extravasato
339 974 514 1015 sanguine3
536 974 588 1006 vel
604 974 772 1007 difficultas
787 978 980 1020 respirandi⁷
1002 979 1026 1009 si
1043 979 1154 1022 pulmo
1169 979 1327 1012 laceratus
1344 979 1459 1020 fuerit,

120 1026 173 1058 vel
189 1032 296 1058 motus
310 1027 488 1060 convulsivi
508 1039 526 1059 e
542 1029 623 1072 septi
641 1031 810 1062 transversi
824 1032 980 1073 sectione,
996 1039 1076 1074 etc.;
1093 1045 1165 1077 quae
1181 1044 1256 1065 vero
1274 1034 1379 1065 omnia
1395 1045 1461 1064 non

119 1080 198 1111 adeo
223 1091 349 1124 semper
378 1082 546 1113 manifesta
572 1089 666 1123 sunt,
696 1089 734 1115 ut
764 1083 895 1116 nullum
921 1085 1057 1118 dubium
1085 1087 1291 1130 relinquant:
1321 1086 1408 1130 quod
1435 1087 1460 1118 si

119 1139 227 1165 tamen
245 1145 286 1165 ex
307 1134 443 1166 vulnere
465 1135 587 1167 inflicto
609 1137 644 1168 in
662 1136 806 1169 Thorace
822 1140 876 1169 ae'r
894 1138 954 1170 sub
974 1140 1101 1183 singula
1122 1141 1330 1183 inspiratione
1348 1151 1460 1173 erum—

117 1193 191 1230 pat,
217 1193 297 1219 tunc
318 1189 487 1221 certissimi
507 1200 573 1222 esse
596 1201 766 1234 possumus
789 1191 829 1223 de
852 1194 1073 1234 penetratione
1093 1193 1247 1226 vulneris.

159 1241 233 1273 Non
256 1242 362 1274 omnia
383 1243 536 1284 vulnera,
559 1244 655 1287 legali
674 1244 785 1277 saltem
801 1256 913 1285 sensu,
935 1247 1155 1278 continuitatis
1169 1247 1332 1279 laesionem
1350 1253 1383 1278 et
1399 1258 1459 1291 pe—

115 1297 330 1328 netrationem
360 1308 427 1340 prae
452 1309 486 1329 se
511 1298 645 1340 ferunt3
674 1299 738 1330 sint
759 1299 794 1330 in
820 1299 911 1332 verbi
936 1300 1029 1333 causa
1059 1302 1298 1334 commotiones.
1341 1302 1458 1333 Omnia

116 1361 234 1393 organa
257 1352 452 1385 commoveri
475 1359 624 1396 possunt,
651 1353 819 1386 cerebrum
841 1360 949 1386 tamen
970 1354 1126 1387 crebrius.
1162 1355 1259 1388 Nunc
1287 1356 1458 1387 commotio

114 1403 224 1436 locum
242 1404 340 1436 habet
359 1406 394 1436 in
409 1405 479 1438 loco
493 1407 562 1449 ipso
582 1418 749 1451 percusso,
764 1419 853 1440 nunc
870 1409 905 1440 in
920 1420 1039 1452 organo
1059 1410 1132 1453 plus
1149 1411 1297 1443 minusve
1315 1415 1455 1450 remoto3

116 1469 273 1501 organum
297 1458 459 1502 quoddam
489 1466 688 1493 commotum
712 1460 899 1495 destituitur
928 1474 1017 1495 nunc
1040 1463 1247 1495 sensibilitate
1275 1469 1308 1495 et
1330 1464 1456 1495 actione

116 1512 266 1553 nervosa,
283 1524 373 1545 nunc
387 1513 542 1546 volumen
557 1514 628 1559 ejus
642 1515 866 1557 imminuitur,
882 1518 997 1561 saepius
1017 1517 1148 1550 tandem
1163 1517 1456 1550 animadvertendae

117 1571 192 1596 sunt
212 1572 378 1608 rupturae,
402 1567 662 1613 haemorrhagiae,
690 1569 962 1603 inflammationes
984 1578 1017 1604 et
1039 1572 1218 1616 sphacelus.
1255 1571 1352 1604 Varia
1379 1577 1455 1603 sunt

117 1620 338 1651 commotionis
352 1621 494 1663 pericula
508 1622 573 1666 (2),
589 1623 683 1656 modo
699 1626 848 1668 protinus
864 1631 898 1657 et
911 1626 1096 1659 immediate
1112 1633 1248 1658 mortem
1264 1632 1453 1670 provocant,

116 1672 210 1705 modo
232 1673 359 1706 lethum
380 1676 507 1708 nonnisi
530 1684 601 1722 post
620 1678 743 1722 aliquot
766 1679 834 1712 dies
858 1680 1001 1723 accedit,
1026 1692 1115 1714 nunc
1140 1687 1251 1714 autem
1274 1680 1451 1725 completa,

117 1727 353 1771 incompletave
374 1731 538 1762 sanatione
561 1731 732 1766 donantur.

163 1781 282 1813 Omnes
309 1785 449 1827 corporis
472 1791 599 1828 partes,
635 1798 677 1819 ne
703 1788 878 1821 durissimis
909 1790 1042 1833 quidem
1074 1791 1237 1834 exceptis,
1265 1790 1451 1822 contusione

121 1831 201 1864 affici
230 1843 361 1877 possunt
388 1837 454 1880 (3),
489 1839 545 1871 sed
580 1841 705 1873 varium
740 1848 788 1874 est
824 1844 1029 1886 periculum3
1062 1845 1179 1876 exinde
1211 1850 1258 1876 est
1286 1844 1426 1876 timenda
1441 1869 1449 1884 ,

121 1886 208 1928 quod
228 1890 332 1921 textus
353 1898 505 1935 ruptura,
531 1894 755 1938 inflammatio,
778 1899 968 1941 suppuratio
983 1904 1016 1929 et
1033 1898 1204 1941 sphacelus
1222 1898 1321 1942 ipsam
1337 1899 1450 1943 saepius

121 1961 1448 1981 Μ

179 2002 223 2030 (1)
240 2002 342 2032 Pudere,
361 2007 427 2029 med.
448 2008 495 2039 le'g.
509 2027 515 2038 ,
536 2014 597 2033 tom.
619 2013 669 2035 111.
688 2020 746 2044 pag.
769 2014 827 2036 352.

177 2043 222 2070 (2)
238 2043 325 2074 Orffla,
346 2046 414 2069 me'd.
431 2047 494 2079 hag=²
516 2054 577 2075 tom.
597 2053 621 2075 1.
637 2058 704 2085 part.
723 2062 749 2083 a,
770 2061 827 2085 pag-
851 2054 908 2084 59²5
926 2058 950 2080 et
965 2054 1022 2079 Van
1039 2055 1158 2085 (ἶῡθῑδθῐῖῑι
1176 2064 1233 2089 Pflg·
1256 2057 1298 2080 152

176 2083 220 2113 (δι)
237 2084 330 2115 Orffia,
372 2086 449 2111 idem.
550 2091 631 2116 idem.
769 2102 828 2127 pag.
846 2095 902 2119 582.
