1747 2620
708 258 820 302 (55)

95 333 157 365 fide
178 335 293 366 rationi
315 334 528 367 conveniente
553 332 747 377 requiritur3
776 332 935 376 quidquid
957 334 1017 366 hac
1041 334 1075 365 in
1096 346 1190 367 causa
1213 336 1379 377 credatur,
1403 337 1435 369 id

94 388 127 419 iu
149 389 313 420 communi
335 389 461 432 generis
482 388 617 420 humani
638 393 754 419 natura
779 387 855 427 niti,
885 399 977 431 aeque
999 389 1208 421 manifestum
1234 396 1291 421 est.
1323 391 1436 434 Neque

93 442 154 474 hoc
175 449 295 486 negant
315 443 553 483 dissentientes,
582 442 637 474 sed
660 453 699 474 ex
722 441 832 473 eadem
856 442 965 475 aliisve
984 443 1161 475 rationibus
1180 444 1279 475 animi
1302 445 1436 476 immor-

92 496 247 528 talitatem
269 497 418 529 concludi
439 508 528 540 posse
549 497 746 528 inficiantur.
773 497 915 529 Rationis
944 498 1044 541 igitur
1066 498 1218 531 humanae
1246 501 1434 540 auctoritas,

91 550 216 583 disertis
237 563 347 584 sensus
373 558 406 583 et
429 553 479 583 sui
504 553 605 595 ipsius
629 552 832 584 conscientiae
856 552 959 584 effatis
982 553 1183 594 confirmata,
1209 564 1274 584 non
1302 553 1435 597 quidem

91 611 138 636 est
165 606 362 649 principium
390 606 550 650 quoddam
579 608 793 648 constituens,
821 613 854 638 at
875 618 987 639 norma
1018 614 1126 639 tamen
1151 614 1184 639 et
1210 608 1344 652 regula,
1371 621 1434 652 qua

91 661 194 691 omnis
215 661 332 693 nititur
354 661 430 693 [ides
454 662 629 694 rationalis.
646 663 718 694 Jam
734 673 810 695 vero
829 662 1001 705 quaeritur,
1023 673 1064 693 an
1083 673 1122 693 ex
1142 663 1273 694 rationis
1293 664 1436 695 auctori-

91 720 155 746 tate
170 714 306 759 ejusque
328 716 391 748 fide
412 716 502 749 ducti
519 717 618 748 animi
633 716 907 748 immortalitatem
923 726 1085 748 assumere
1101 715 1274 749 debeamus
1294 728 1355 749 nec
1370 717 1435 749 ne'?

705 833 728 877 g
770 833 816 864 11.

334 943 646 964 ARGUMENTORUM
685 941 953 963 PRACTICORUM
995 943 1186 964 JUDICIUM.

133 1023 202 1055 Hoc
223 1024 324 1068 igitur
347 1024 508 1056 affirmant
528 1025 711 1068 philosophi
735 1031 832 1068 atque
857 1026 1055 1068 argumentis
1080 1025 1142 1057 illis
1167 1025 1340 1057 moralibus
1367 1027 1434 1059 sive

89 1079 251 1121 practicis,
277 1090 350 1120 quae
374 1079 583 1120 exponimus,
609 1077 744 1121 probare
769 1078 911 1110 student.
934 1079 1117 1111 Sumuntur
1139 1079 1193 1111 illa
1215 1091 1254 1111 ex
1280 1081 1347 1123 ipsa
1372 1080 1434 1112 ho—

88 1132 184 1162 minis
206 1131 418 1171 conscientia,
442 1132 564 1175 quippe
585 1131 678 1176 cujus
699 1132 802 1164 effatis
823 1133 956 1165 ducitur
976 1134 1015 1165 ad
1037 1134 1229 1166 credendam
1256 1146 1344 1166 suam
1364 1141 1435 1178 post

87 1186 227 1229 corporis
242 1192 377 1217 mortem
394 1186 598 1218 durationem
617 1193 649 1219 et
664 1187 951 1219 immortalitatem.
974 1189 1016 1219 Et
1032 1189 1204 1220 maximam
1219 1200 1297 1221 sane
1313 1189 1434 1221 habent

86 1240 310 1271 auctoritatem
332 1247 365 1272 et
383 1241 459 1272 vim.
482 1241 646 1273 Nimirum
668 1242 692 1272 si
714 1241 775 1273 hac
793 1242 826 1272 in
843 1253 937 1273 causa
953 1241 1116 1287 objectum
1138 1243 1299 1286 quoddam
1321 1246 1434 1288 cogni—

86 1294 166 1324 tioni
186 1299 302 1326 nostrae
321 1293 447 1335 ade1¹at3
479 1296 545 1327 sive
566 1295 763 1338 principium
786 1295 946 1339 quoddam
969 1296 1200 1338 theoreticum,
1221 1309 1261 1329 ex
1282 1310 1347 1342 quo
1369 1298 1433 1331 du·-

85 1354 215 1380 ceretur
237 1348 466 1380 demonstratio
491 1350 688 1380 necessaria:
720 1349 810 1382 solita
836 1349 1015 1393 logicorum
1042 1351 1166 1383 ratione
1196 1353 1371 1385 certissime
1400 1360 1434 1385 et

86 1401 264 1445 apodictice
279 1403 460 1434 animorum
480 1403 679 1446 perpetuitas
695 1404 788 1447 argui
805 1410 920 1447 posset.
937 1404 1103 1449 Ejusmodi
1121 1417 1197 1439 vero
1215 1407 1431 1450 principium,

86 1456 362 1499 quemadmodum
378 1456 412 1488 in
432 1457 689 1499 praecedentibus
710 1458 866 1499 vidimus,
886 1459 919 1491 in
943 1466 1048 1492 nostra
1070 1461 1247 1504 quaestione
1268 1461 1432 1494 desidera-

86 1516 151 1541 tur.
177 1511 291 1554 Itaque
311 1511 490 1554 practicum
514 1512 675 1555 quoddam
697 1513 895 1557 principium
919 1514 987 1547 sive
1008 1515 1059 1546 lex
1084 1515 1212 1547 moralis
1234 1517 1429 1559 requiritur,

86 1575 158 1607 quae
176 1564 293 1596 diserte
313 1565 497 1609 nosjubeat
513 1577 583 1598 rem
603 1566 744 1610 aliquam
762 1567 882 1600 habere
899 1580 1023 1610 veram,
1043 1570 1166 1601 etiamsi
1185 1569 1340 1614 objectiva
1362 1570 1431 1615 ejus

87 1618 246 1650 evidentia
260 1618 352 1651 desit.
369 1619 438 1662 Ipsa
450 1627 558 1652 autem
570 1627 676 1653 nostra
691 1624 886 1655 conscientia
900 1623 1035 1668 ejusque
1047 1625 1140 1656 effata
1153 1624 1216 1656 tale
1233 1625 1431 1668 principium

87 1678 120 1703 et
138 1673 191 1704 lex
207 1673 354 1705 habenda
374 1679 431 1705 est.
459 1675 515 1706 Est
534 1675 603 1707 haec
620 1676 770 1709 omnibus
787 1678 911 1709 naturis
933 1679 1055 1710 ratione
1072 1684 1105 1710 et
1121 1678 1269 1710 libertate
1288 1679 1431 1722 praeditis

88 1728 265 1759 communis
286 1734 318 1759 et
342 1740 458 1772 magna
480 1741 558 1761 voce
578 1731 612 1761 in
633 1731 767 1774 singulis
789 1732 945 1776 loquitur.
973 1733 1044 1765 Jam
1067 1733 1092 1764 si
1111 1732 1315 1764 attendamus
1335 1733 1374 1764 ad
1394 1744 1430 1765 ea

90 1790 160 1821 quae
180 1792 236 1812 nos
257 1781 349 1825 jubet
371 1783 423 1815 lex
445 1784 591 1826 moralis,
615 1787 722 1819 statim
745 1788 962 1831 comperimus
983 1799 1054 1820 eam
1073 1787 1165 1819 nobis
1185 1788 1353 1819 ostendere
1374 1800 1431 1820 su·-

88 1844 238 1876 premum
255 1836 413 1878 quoddam
426 1839 567 1871 ,rationis
587 1840 754 1873 consilium
769 1847 802 1873 et
822 1842 919 1874 finem
940 1842 1111 1882 ultimum,
1130 1853 1294 1873 summum
1311 1853 1430 1886 nempe

88 1947 192 1971 Panaetii
207 1948 321 1979 inprimis
334 1955 358 1973 et
373 1952 521 1983 Stoicorum,
544 1963 568 1978 c.
589 1957 630 1986 52,
650 1957 691 1979 55.
720 1956 831 1980 Ecclesiae
850 1961 931 1987 patres
950 1955 1077 1986 plerique5
1098 1955 1183 1979 seriori
1199 1961 1270 1980 aetate
1290 1957 1430 1980 Gassendus

89 1994 230 2019 argumenta
245 1989 344 2020 Epicuri
357 1995 380 2014 et
396 1994 568 2024 recentiorum,
580 1996 622 2027 qui
637 2004 667 2020 ex
682 2004 709 2020 eo
720 1997 867 2025 hauserunt,
886 1995 1017 2019 refutanda
1031 1996 1077 2018 sibi
1091 1996 1190 2026 sumsit,
1204 1997 1230 2020 in
1242 1997 1351 2028 physicis
1364 2002 1423 2020 sect.

88 2030 139 2051 ΙΙΙ.
162 2028 208 2051 lib.
227 2030 300 2053 X1V.
319 2035 343 2053 et
359 2031 485 2062 scriptores
501 2035 542 2065 qui
559 2035 622 2059 hauc
638 2037 795 2067 quaestionem
814 2036 940 2067 attingunt
954 2036 1004 2062 sere
1019 2044 1113 2060 omueS.
1135 2037 1175 2060 Cf.
1193 2037 1266 2061 eliam
1282 2038 1427 2068 Disqnisixio

87 2069 198 2093 omnium
215 2074 264 2093 tam
279 2079 323 2101 pro
339 2071 525 2097 immortalitate
537 2082 610 2106 quam
621 2084 664 2107 pro
683 2077 834 2100 mortalitate
847 2077 926 2100 animi
938 2077 1127 2109 argumentandi
1137 2085 1252 2109 generum
1264 2079 1332 2101 1802.
1348 2079 1422 2101 Auen.

87 2109 112 2133 J.
132 2110 161 2133 F.
183 2110 256 2134 Abel.
