1747 2620
888 264 1001 307 (44)

274 340 306 370 in
330 338 454 370 duobus
479 339 606 382 punctis
632 338 658 369 A
682 343 713 369 et
734 337 776 378 B;
801 336 867 368 istis
887 338 1015 380 punctis
1038 338 1064 368 A
1086 343 1118 368 et
1136 337 1178 376 B,
1206 337 1400 380 respondent
1425 337 1496 369 duae
1515 345 1610 371 rectae

274 394 417 437 polares,
445 393 510 423 sive
533 393 604 423 duae
631 398 797 435 tangentes
821 391 860 422 ad
885 391 1058 422 secundam
1089 402 1236 431 curvam,
1264 402 1336 434 quae
1360 398 1546 434 tangentes,
1571 403 1609 423 ex

273 448 394 479 theoria
422 446 514 478 modo
538 446 631 476 allata
662 446 825 487 polorum,
851 456 908 488 per
932 446 1041 487 polum
1067 446 1094 476 T
1122 451 1220 477 rectae
1240 445 1294 476 AB
1322 447 1456 477 transire
1482 446 1610 478 debent.

273 503 357 543 Ergo
384 501 456 532 duae
482 506 607 531 tantum
631 499 753 542 polares
778 510 835 541 per
860 505 1019 541 punctum
1041 499 1068 530 T
1090 505 1271 539 transeunt,
1298 499 1349 530 vel
1377 511 1415 531 ex
1442 506 1562 542 puncto
1583 501 1610 530 T

273 556 309 587 ad
335 566 465 586 cui-vam
488 554 559 585 duze
582 560 708 585 tantum
730 558 896 595 tangentes
918 552 991 583 duci
1014 558 1162 595 possunt,
1184 552 1326 596 adeoque
1349 560 1432 584 recta
1455 554 1508 583 AB
1535 565 1611 585 cur—

272 623 342 642 ram
365 610 450 640 illam
469 610 502 640 in
522 608 647 640 duobus
667 608 796 651 punctis
816 606 950 647 secabit3
968 618 1043 650 ergo
1064 606 1203 650 denique
1220 618 1316 638 curva
1336 607 1388 638 illa
1404 609 1465 638 erit
1479 607 1611 639 secundi

272 664 402 707 gradus,
428 662 476 694 vel
499 662 691 705 generaliter
711 662 808 692 sectio
827 661 947 691 conica.

315 717 478 755 Vicissim,
500 717 524 746 si
544 715 675 758 qnidam
693 714 786 757 polus
805 713 983 745 secundum
1000 714 1173 745 sectionem
1192 713 1335 745 conicam
1359 713 1456 746 rA'B'
1477 725 1611 757 progre—

271 772 392 809 diatur,
425 776 518 801 rectae
546 769 668 812 polares
692 768 839 800 omnibus
864 767 1074 810 positionibus
1100 768 1190 799 istius
1214 767 1278 810 poli
1303 767 1545 810 respondentes,
1572 767 1612 798 ad

271 838 402 857 curvam
430 824 538 855 ABEF
563 829 659 854 erunt
679 828 863 864 tangentes,
885 833 959 852 nam
982 822 1020 852 sit
1042 821 1133 864 polus
1156 821 1180 862 β
1207 822 1331 852 infinite
1355 821 1428 864 polo
1449 821 1474 851 B
1501 823 1611 864 proxi-

270 891 361 911 mus:
394 880 451 909 isto
484 877 557 921 polo
585 877 609 918 β
637 875 808 919 respondet
833 874 892 905 alia
919 880 1004 905 recta
1032 874 1146 917 polaris
1177 886 1266 917 quae,
1291 886 1330 906 ex
1358 875 1466 915 dictis,
1491 881 1611 906 rectam

269 934 411 977 polarem
434 931 486 963 Τι’
506 932 569 975 poli
591 931 633 970 B,
654 936 739 962 secat
765 930 798 960 in
820 928 958 972 quodam
981 935 1101 971 puncto
1123 942 1142 960 τ
1163 940 1258 971 supra
1281 940 1412 960 curvam
1433 928 1532 961 A‘TB'
1552 941 1612 972 po-

269 989 342 1027 sito,
372 986 458 1029 quod
482 991 642 1029 punctum
669 989 715 1015 est
740 983 833 1026 polus
860 989 954 1014 rectae
981 994 1053 1026 quae
1076 989 1195 1025 puncta
1221 982 1247 1012 B
1270 989 1302 1013 et
1325 983 1350 1024 β
1370 982 1493 1026 jungit:
1522 983 1611 1025 atqui

270 1044 326 1074 ista
346 1047 466 1085 puncta
486 1046 560 1071 sunt
581 1039 706 1070 infinite
724 1038 884 1080 proxima,
902 1048 978 1080 ergo
993 1036 1097 1080 jacent
1118 1037 1150 1067 in
1168 1042 1319 1079 tangente
1337 1036 1375 1067 ad
1391 1042 1550 1079 punctum
1567 1035 1610 1075 B,

270 1096 413 1137 adeoque
434 1100 519 1125 recta
541 1093 655 1136 polaris
676 1092 738 1135 poli
760 1105 796 1130 τ,
818 1092 879 1122 erit
899 1097 1032 1134 tangens
1048 1090 1086 1121 ad
1109 1102 1241 1122 curvam
1260 1090 1378 1121 ABEF.
1404 1090 1484 1121 Duae
1506 1100 1613 1122 curvae

271 1151 380 1182 ABEF
400 1155 432 1180 et
454 1147 551 1180 A'TB'
568 1158 639 1189 quae
658 1147 723 1176 istis
738 1144 986 1188 proprietatibus
1001 1144 1158 1186 gaudent,
1180 1144 1334 1175 dicuntur
1355 1155 1465 1175 curvoe
1476 1144 1613 1185 polares

271 1203 464 1246 conjugatae
486 1202 540 1232 vel
558 1201 752 1241 reciprocoe,
777 1205 925 1241 respectu
948 1210 1055 1230 curvae
1076 1198 1145 1229 Tt't
1167 1210 1239 1242 quae
1265 1199 1340 1241 ipsis
1364 1199 1413 1230 uti
1437 1210 1539 1230 curva
1561 1199 1614 1229 in-

272 1257 431 1289 ter-media
452 1255 504 1287 vel
527 1255 648 1285 rectrix
668 1253 812 1284 inservit.

315 1312 362 1342 Ex
382 1311 431 1341 his
452 1309 597 1352 sequitur
616 1318 725 1338 omnes
745 1312 911 1349 tangentes
931 1306 969 1337 ad
990 1317 1088 1338 unam
1111 1317 1150 1337 ex
1168 1307 1274 1338 curvis
1294 1305 1455 1349 polaribus
1470 1306 1614 1349 recipro-

273 1366 331 1405 cis,
354 1375 464 1395 omnes
483 1374 555 1394 suos
575 1373 672 1405 super
691 1360 785 1392 aliam
808 1372 940 1393 curvam
962 1360 1103 1403 polarem
1125 1361 1338 1403 reciprocam,
1364 1359 1481 1391 habere
1504 1359 1612 1403 poIOS,

272 1426 303 1451 et
326 1419 474 1451 vicissim.

317 1474 412 1505 Nunc
437 1484 477 1503 ex
503 1477 613 1502 centro
639 1470 663 1500 C
685 1469 845 1501 ducantur
867 1474 1033 1511 tangentes
1053 1467 1104 1498 CE
1126 1473 1158 1498 et
1180 1467 1231 1497 CF
1255 1466 1294 1498 ad
1321 1466 1457 1509 primam
1481 1477 1613 1497 curvam

272 1528 412 1571 polarem
430 1527 641 1568 reciprocam,
663 1536 737 1555 cuin
754 1523 819 1566 poli
834 1524 966 1554 istarum
985 1523 1185 1564 tangentium
1202 1521 1312 1551 sistant
1332 1520 1364 1550 in
1382 1531 1479 1552 curva
1502 1518 1612 1556 A'TB',

274 1589 305 1614 et
330 1593 404 1613 cum
432 1585 592 1611 transeant
617 1590 675 1621 per
703 1583 851 1609 centrum
875 1576 916 1614 C,
941 1576 1087 1618 sequitur
1114 1576 1254 1616 ipsarum
1280 1573 1367 1616 polos
1392 1574 1426 1604 in
1449 1574 1612 1605 infinitum

274 1635 377 1674 abire,
400 1635 543 1676 adeoque
559 1644 690 1664 curvam
706 1630 848 1674 polarem
869 1630 1063 1672 reciprocam
1085 1627 1183 1660 A'TB'
1201 1629 1234 1658 in
1254 1628 1417 1659 infinitum
1441 1638 1613 1659 excurrere

274 1700 313 1720 ex
332 1687 467 1730 utraque
488 1692 578 1729 parte
598 1690 747 1727 respectu
765 1684 867 1715 centri
888 1683 928 1723 C,
949 1682 1105 1725 siquidem
1126 1687 1292 1724 tangentes
1309 1692 1348 1712 ex
1364 1681 1393 1712 H
1413 1692 1516 1724 usque
1533 1681 1572 1712 ad
1590 1682 1614 1712 F

274 1743 308 1773 in
328 1753 391 1773 una
412 1741 558 1783 regione,
580 1743 747 1782 tangentes
767 1743 876 1769 autem
897 1748 936 1768 ex
959 1736 987 1767 H
1002 1737 1035 1767 in
1052 1737 1093 1775 E,
1114 1736 1147 1766 in
1169 1735 1266 1766 altera
1288 1741 1436 1778 respectu
1452 1735 1555 1766 centri
1571 1735 1613 1775 C,

275 1796 407 1827 cadant:
432 1805 524 1837 ergO,
544 1793 578 1824 in
598 1793 659 1824 hoc
678 1802 767 1831 casu,
792 1803 888 1823 curva
910 1790 1026 1834 polaris
1046 1790 1207 1833 reciproca
1226 1795 1273 1820 est
1293 1788 1477 1832 hyperbola.

320 1850 351 1880 Si
379 1849 480 1891 prima
511 1857 608 1879 curva
635 1845 750 1889 polaris
774 1846 935 1888 reciproca
959 1856 1018 1888 per
1042 1850 1189 1875 centrum
1214 1842 1240 1874 C
1265 1843 1396 1881 transit,
1422 1842 1495 1881 vel,
1528 1842 1614 1885 quod

275 1904 359 1936 idem
373 1909 434 1942 est,
453 1903 476 1933 si
487 1913 526 1933 ex
543 1907 663 1944 puncto
675 1900 699 1932 C
711 1912 775 1932 una
789 1905 914 1931 tantum
927 1905 1061 1942 tangens
1077 1898 1117 1930 ad
1132 1908 1263 1930 curvam
1279 1896 1388 1927 ABEF
1401 1896 1475 1927 duci
1494 1902 1613 1939 potest,

276 1965 354 1989 tunc
382 1956 520 1987 secunda
553 1967 650 1987 curva
677 1954 792 1998 polaris
822 1955 1002 1998 reciproca,
1030 1955 1090 1985 erit
1113 1952 1279 1996 parabola,
1305 1951 1487 1982 annotando
1509 1963 1613 1983 unum

276 2018 401 2043 tantum
423 2009 532 2053 polum
554 2010 587 2040 in
608 2010 771 2040 infinitum
793 2008 893 2054 rejici.

320 2066 351 2096 Si
375 2065 514 2107 denique
536 2070 685 2095 centrum
710 2063 735 2094 C
760 2063 844 2095 intra
864 2074 995 2095 curvam
1022 2062 1130 2094 ABEF
1155 2061 1290 2100 incidat,
1320 2060 1370 2093 vel
1398 2061 1504 2103 potius
1527 2059 1551 2090 si
1574 2070 1613 2090 ex
