1747 2620
870 260 1006 303 (122)

266 345 425 370 structura
450 337 638 380 suuetioque
662 337 721 367 hoc
743 334 897 378 explicat,
921 340 953 365 et
971 333 1242 367 observationibus
1263 334 1394 366 demum
1414 334 1453 365 ab
1477 335 1604 378 optimis

267 392 450 424 auctoribus
484 391 590 423 relatis
621 390 726 421 adhuc
758 390 856 431 magis
889 388 1059 419 stabilitur.
1095 387 1269 419 Necessitas
1301 387 1380 419 lethi
1419 387 1604 432 hujusmodi

266 447 438 479 vulnerum
455 457 493 476 ex
513 450 672 475 structura
691 449 723 473 et
742 443 909 473 functione
930 454 1122 485 organorum
1141 443 1185 473 sic
1204 442 1401 485 explicatur:
1421 454 1484 474 non
1504 449 1605 486 potest

268 501 330 531 tale
356 499 434 542 quid
462 509 628 541 perpessus
653 502 813 538 superstes
840 507 987 536 manere,
1015 508 1089 527 nam
1113 497 1139 527 si
1163 495 1264 540 majus
1289 508 1342 529 vas
1363 497 1605 540 sanguiferum,

268 555 333 585 sive
357 553 543 584 arteriosum
572 550 653 582 illud
679 551 719 580 sit
749 550 815 582 sive
836 560 1007 587 venosum,
1035 560 1134 592 prope
1156 549 1347 592 pulmonum
1369 550 1508 581 radicem
1532 561 1607 581 sau-

268 609 387 644 ciatur,
410 606 499 637 nulla
524 617 573 636 ars
594 610 697 648 potest
718 604 777 647 ipsi
799 603 937 643 mederi,
965 614 1004 634 ex
1023 614 1060 634 eo
1082 603 1168 646 quod
1193 603 1385 646 profundius
1412 605 1445 635 in
1464 603 1608 635 Thorace

267 663 363 692 situm
392 661 451 699 sit,
477 671 573 702 quam
604 665 641 690 ut
670 669 781 690 manus
807 657 963 689 medentis
989 657 1072 689 illud
1099 658 1256 701 attingere
1282 659 1398 700 possit3
1427 664 1608 701 naturaque

267 718 333 759 ipsa
353 715 448 745 etiam
470 714 522 745 hic
543 713 714 745 subvenire
736 712 866 755 nequit:
889 712 1017 755 sanguis
1037 718 1145 744 autem
1167 723 1285 755 magno
1302 717 1334 743 et
1349 712 1501 743 continuo
1517 712 1610 743 fluxu

268 781 285 801 e
302 769 412 808 corde,
436 767 486 800 vel
508 779 525 799 e
543 766 766 810 pulmonibus,
789 767 920 809 (prouti
941 767 1128 798 arteriosum
1150 766 1200 798 vel
1217 777 1371 799 venosum
1386 777 1439 798 vas
1459 765 1610 808 laeditur)

269 822 428 854 delabitur
440 822 473 852 in
489 821 679 852 Thoracem:
696 820 803 851 fluxus
819 820 873 851 ille
885 820 1118 852 intensissimus
1129 826 1176 851 est
1191 826 1321 863 propter
1331 819 1433 851 cordis
1444 819 1609 858 viciniam,

269 876 409 908 cohiberi
430 876 528 918 igitur
551 875 680 917 ncquit3
704 873 895 905 exhauritur
913 874 1069 916 sanguine
1088 874 1302 916 organismus3
1322 875 1471 916 peritque
1486 873 1611 904 saucia-

268 938 320 962 tus
337 930 506 973 exsanguis
521 928 645 960 sumnia
664 929 697 959 in
716 928 894 965 anxietate,
916 938 1108 969 summoque
1127 927 1251 966 dolore,
1270 933 1401 970 propter
1417 927 1612 969 pressionem

269 985 488 1016 mechanicam
519 994 616 1026 quam
643 982 764 1014 effusus
789 981 906 1012 humor
928 980 1147 1023 undequaque
1169 981 1203 1012 in
1229 986 1358 1024 pectore
1377 987 1522 1011 exercet:
1548 980 1573 1010 si
1595 991 1612 1010 e

270 1045 378 1070 contra
403 1050 455 1069 vas
476 1037 651 1068 aeriferum
676 1035 778 1079 majus
803 1035 979 1071 laceratur,
1007 1033 1066 1065 sub
1086 1035 1212 1074 singula
1232 1035 1439 1076 inspiratione
1461 1033 1614 1076 irrumpit

271 1095 339 1131 aer,
362 1104 426 1123 non
449 1093 482 1122 in
507 1091 691 1133 pulmones,
711 1089 765 1120 sed
787 1099 844 1131 per
862 1098 1047 1119 concessum
1068 1089 1225 1120 orificium
1249 1089 1283 1119 in
1303 1088 1481 1119 Thoracem
1497 1088 1612 1130 partim

273 1147 384 1178 irruit:
407 1146 551 1184 vellicat,
574 1145 743 1187 irritatque
765 1148 870 1186 partes
893 1148 1073 1181 contentas,
1097 1148 1130 1173 et
1150 1153 1203 1182 e0,
1231 1153 1328 1185 quem
1347 1141 1411 1186 jam
1438 1141 1614 1185 explicavi—

274 1211 367 1239 mus,
404 1199 496 1230 modo
525 1198 765 1240 emphysemate
799 1196 941 1238 generali
969 1197 1156 1228 universum
1189 1197 1405 1239 organismum
1436 1196 1549 1235 afficit,
1582 1196 1616 1227 hi

274 1265 384 1286 omnes
409 1253 542 1284 effectus
567 1251 654 1282 haud
679 1256 811 1293 possunt
835 1250 952 1288 averti,
979 1260 1019 1280 ex
1046 1261 1083 1280 eo
1114 1249 1200 1292 quod
1229 1250 1371 1292 ipsorum
1395 1261 1487 1281 causa
1515 1249 1615 1280 deleri

273 1313 431 1350 nequeat,
456 1318 530 1337 nam
558 1311 690 1348 propter
719 1303 972 1347 profunditatem
999 1314 1089 1334 suam
1119 1304 1194 1334 artis
1216 1304 1361 1346 praesidia
1386 1315 1451 1335 non
1476 1303 1617 1335 admittit

274 1362 420 1393 broncliii
441 1361 506 1392 laesi
527 1365 694 1402 apertura,
719 1370 782 1389 non
805 1358 904 1401 igitur
925 1357 1068 1389 obturari
1089 1363 1208 1400 potest,
1229 1363 1261 1388 et
1280 1357 1373 1389 causa
1395 1358 1470 1388 mali
1491 1368 1618 1400 semper

277 1421 427 1448 manente
454 1415 538 1457 perit
563 1413 739 1444 necessario
769 1412 965 1444 vulneratus.
996 1411 1105 1443 Multae
1126 1411 1359 1443 observationes
1382 1413 1526 1443 existunt
1546 1423 1618 1453 quae

278 1473 369 1502 istam
400 1469 508 1500 adhuc
536 1469 720 1511 opinionem
748 1467 900 1510 probant:
929 1466 1074 1497 Bohnius
1096 1465 1143 1507 (1)
1173 1465 1274 1497 multa
1303 1464 1456 1496 cadavera
1480 1465 1619 1508 inspexit

278 1525 521 1556 demortuorum
543 1534 560 1553 e
580 1521 772 1565 pulmonum
795 1520 983 1554 vulneribus
1008 1526 1040 1551 et
1061 1519 1216 1562 comperit
1237 1519 1361 1551 lethum
1384 1525 1465 1550 tunc
1484 1519 1621 1562 produci

279 1590 318 1610 ex
338 1590 375 1609 eo
396 1577 480 1620 quod
502 1576 619 1620 majora
639 1587 711 1607 vasa
730 1575 801 1606 laesa
825 1575 964 1606 fuerint:
992 1579 1101 1604 narrat
1122 1574 1208 1604 enim
1229 1572 1382 1616 juvenem
1403 1572 1518 1615 glande
1537 1572 1620 1604 sclo-

280 1633 402 1676 petaria
424 1631 593 1674 trajectum
615 1630 692 1660 liine
713 1640 830 1672 paucas
856 1634 926 1672 post
950 1628 1041 1659 horas
1060 1627 1188 1666 obiisse,
1211 1626 1281 1670 ejus
1302 1626 1437 1659 cadaver
1460 1626 1621 1669 praebebat

282 1685 470 1718 claviculam
498 1684 660 1722 dextram,
688 1684 903 1714 summitatem
934 1682 1095 1726 pulmonis
1116 1681 1327 1724 perforatam,
1354 1680 1517 1724 hujusque
1540 1681 1620 1711 rami

283 1739 418 1783 majores
446 1738 586 1769 lacerati.
622 1738 763 1779 Inspexit
791 1738 857 1779 ipse
887 1737 940 1768 ille
970 1736 1121 1776 cadaver,
1150 1734 1244 1779 cujus
1273 1741 1385 1777 pectus
1411 1746 1476 1766 non
1505 1734 1621 1777 glande

283 1794 434 1838 plumbea
456 1793 510 1823 sed
529 1792 694 1823 chartacea
710 1798 835 1822 tantum
852 1798 919 1822 erat
935 1791 1119 1835 trajectum,
1136 1788 1330 1820 monstrabat
1344 1788 1404 1820 sub
1417 1789 1464 1820 ala
1479 1788 1621 1827 sinistra,

283 1851 317 1881 in
334 1849 464 1891 regione
479 1847 622 1891 papillae,
641 1846 723 1877 ultra
740 1847 885 1888 quintam
901 1851 934 1876 et
948 1851 1069 1876 sextam
1084 1849 1201 1875 costam
1217 1843 1350 1882 vulnuS,
1364 1842 1451 1886 quod
1465 1844 1622 1886 insignem

285 1913 475 1945 magnorum
506 1911 649 1932 vasorum
678 1898 913 1942 pulmonalium
942 1898 1166 1929 lacerationem
1192 1897 1357 1937 effecerat,
1388 1903 1420 1928 et
1446 1908 1512 1940 quo
1540 1897 1624 1928 inter

286 1956 539 2000 nychthemeron
559 1966 632 1985 cum
649 1953 879 1996 liaemorrhagia
899 1954 1015 1997 insigni
1035 1959 1066 1984 et
1085 1952 1272 1984 difficultate
1292 1951 1467 1995 respirandi
1485 1951 1622 1984 obierat:

350 2081 383 2110 (1)
401 2079 519 2104 Videatur
538 2078 658 2108 Bolmius,
682 2077 700 2101 l.
718 2078 749 2106 l.,
767 2085 821 2109 pag.
840 2077 965 2108 267-269.
