1747 2620
893 319 1007 361 (20)

291 394 421 437 nequit,
449 393 569 435 quippe
596 392 669 434 qui,
691 390 811 422 sublata
836 391 1015 423 animorum
1036 391 1253 435 simplicitate,
1282 392 1398 424 exinde
1422 404 1479 436 pro
1504 404 1615 425 eorum

289 446 525 479 immortalitate
551 450 778 488 argumentum
805 450 914 485 petere
941 457 1006 476 non
1032 452 1218 488 potuerunt.
1255 447 1370 478 Paucis
1394 448 1615 479 tantummodo

289 500 495 532 indicandum
520 505 583 538 est,
608 509 685 540 quas
709 497 908 539 potissimum
934 498 974 528 ob
994 510 1101 530 causas
1122 499 1301 543 philosophi
1325 500 1519 543 incorporeae
1543 502 1614 532 ani-

288 566 378 585 mum
400 553 567 583 statuerint
590 557 713 582 naturae
738 556 769 580 et
792 550 950 592 quomodo
974 551 1109 593 simplici
1130 552 1189 583 hac
1215 559 1328 584 natura
1349 559 1512 596 tamquam
1535 553 1614 585 fun—

288 607 434 638 damento
458 610 644 647 argumenta
668 615 723 634 sua
745 615 801 645 pro
823 604 890 646 ejus
911 605 1147 636 immortalitate
1172 612 1391 648 superstruere
1410 607 1541 638 soleant.

330 660 456 690 Primus
482 659 580 701 igitur
610 658 754 688 omnium
785 667 940 687 consensu
968 657 1168 699 Anaxagoras
1198 658 1362 700 perhibuit
1393 660 1557 690 materiam
1581 670 1614 690 se

288 714 387 756 ipsam
415 718 540 743 mutare
568 717 664 754 atque
694 710 831 741 formare
860 721 926 740 non
952 721 1056 752 posse:
1087 722 1104 741 a
1129 711 1260 742 materia
1289 712 1388 754 igitur
1413 712 1556 743 distinxit
1581 718 1614 743 et

286 767 443 809 separavit
467 771 626 804 mentem,
657 765 708 797 τὸν
733 768 814 802 νοῦν,
851 774 922 806 quae
947 764 1086 794 minutas
1110 764 1251 795 materiae
1278 764 1467 806 particulas,
1498 764 1615 796 similes

286 821 370 850 inter
394 830 446 858 se,
475 819 509 849 in
534 817 677 848 ordinem
703 816 873 848 adduxerit
897 827 1070 858 rerumque
1094 817 1334 848 universitatem
1360 816 1528 859 gubernet.
1558 817 1615 847 Est

285 872 339 903 illa
358 873 497 914 sapiens,
518 870 650 912 simplex
671 876 703 900 et
720 881 817 912 pura,
840 875 873 900 et
887 880 929 900 ex
947 881 984 909 ea
1002 860 1130 913 quoque
1147 871 1260 901 animae
1278 870 1429 902 humanae
1449 870 1614 913 profluxe-

285 931 378 964 runt,
405 925 583 966 cognitione
601 929 634 953 et
658 928 746 953 motu
766 922 906 964 praeditae
926 922 984 964 (1).
1016 922 1110 953 Hunc
1129 929 1237 964 postea
1257 929 1385 954 secutus
1409 923 1516 963 Plato,
1538 935 1613 954 cum

285 979 382 1009 animi
409 976 678 1007 immortalitatem
704 974 837 1017 probare
861 974 975 1013 vellet,
1007 981 1385 1017 argumentum-quoque
1411 986 1450 1006 ex
1477 975 1614 1018 simplici

283 1030 352 1074 ejus
371 1036 483 1061 natura
504 1030 607 1072 petiit.
630 1029 686 1059 Est
702 1029 788 1059 enim
805 1028 930 1059 animus
945 1028 1026 1059 visui
1045 1038 1108 1058 non
1130 1026 1271 1070 objectus
1290 1027 1474 1070 (ἀόρατος),
1496 1029 1614 1069 cogitat

285 1089 318 1114 et
337 1083 497 1125 cognoscit
517 1082 653 1124 ideoque
676 1082 814 1112 actiones
836 1086 1024 1122 spontaneas
1044 1081 1180 1121 exserit3
1211 1091 1326 1122 corpus
1351 1091 1426 1113 vero
1450 1080 1616 1111 intuitioni

285 1136 457 1168 obnoxium
485 1142 547 1175 est,
577 1146 642 1166 non
668 1136 751 1177 agit⁷
781 1134 835 1165 sed
862 1134 1001 1176 patitur-5
1033 1134 1158 1165 animus
1186 1132 1307 1164 domini
1335 1144 1501 1175 personam
1527 1133 1614 1175 agit,

285 1201 399 1232 corpus
428 1189 521 1221 servi.
563 1188 646 1219 Hinc
669 1187 733 1231 jam
763 1187 899 1218 maxima
925 1187 1095 1229 utriusque
1124 1192 1247 1218 naturae
1270 1180 1415 1229 sequitur
1438 1185 1611 1219 diversitas.

285 1242 398 1273 Omnis
418 1253 511 1284 porro
526 1252 633 1273 rerum
650 1241 861 1272 substantium
882 1239 1055 1271 multitudo
1071 1239 1135 1271 duo
1156 1250 1272 1283 genera
1294 1239 1452 1279 continet,
1471 1239 1613 1273 συνθετὸν

284 1301 316 1326 et
338 1294 503 1328 ἀσύνθετον
519 1318 528 1334 ,
558 1294 767 1336 compositum
794 1299 826 1324 et
849 1293 1004 1335 simplex3
1026 1293 1144 1324 horum
1171 1293 1307 1324 alterum
1335 1294 1502 1324 continuas
1527 1292 1614 1324 subit

284 1349 476 1379 mutationes
494 1358 598 1390 neque
617 1358 759 1389 unquam
781 1346 891 1377 eodem
912 1352 997 1377 statu
1017 1351 1141 1385 manet,
1161 1345 1297 1376 alterum
1321 1345 1444 1376 nullam
1465 1357 1613 1377 commu-

283 1402 435 1432 tationem
463 1400 619 1440 admittit,
646 1406 679 1431 et
701 1411 826 1442 semper
850 1399 962 1430 eodem
987 1399 1080 1430 modo
1107 1410 1173 1430 sese
1198 1398 1305 1429 habet.
1342 1398 1458 1429 Omnia
1481 1404 1611 1437 autem,

285 1465 356 1497 quae
377 1454 466 1485 nobis
492 1465 549 1497 per
574 1465 683 1485 sensus
707 1454 930 1492 innotescunt,
956 1463 1031 1484 cum
1056 1452 1142 1484 varia
1168 1452 1263 1484 variis
1286 1450 1482 1493 temporibus
1506 1451 1611 1493 specie

285 1518 321 1538 ea
348 1508 508 1550 adspicere
533 1507 643 1546 liceat,
670 1506 844 1549 composita
870 1511 965 1546 sunt3
995 1517 1068 1548 quae
1094 1516 1169 1537 vero
1192 1515 1250 1547 per
1280 1503 1383 1535 solum
1409 1503 1613 1535 intellectum

286 1561 530 1602 concipiuntur,
553 1566 589 1590 ut
609 1571 756 1601 aequum,
778 1559 917 1601 justum,
941 1558 1090 1600 pulcrum
1112 1568 1168 1599 per
1188 1568 1221 1588 se
1238 1562 1432 1599 spectatum,
1451 1562 1527 1587 sunt
1546 1557 1611 1588 im—

284 1613 460 1644 mutabilia.
500 1613 571 1643 Jam
595 1623 708 1654 corpus
733 1613 766 1642 in
791 1613 917 1642 sensum
945 1611 1028 1642 cadit
1055 1616 1087 1641 et
1109 1611 1260 1641 continuo
1287 1616 1451 1649 mutatur⁷
1484 1611 1610 1641 animus

284 1677 341 1697 sua
368 1666 466 1707 ipsius
492 1666 614 1695 actione
639 1670 672 1695 et
695 1665 884 1706 cogitatione
911 1663 970 1694 sibi
997 1664 1166 1694 innotescit
1190 1669 1221 1694 et
1245 1674 1371 1704 semper
1395 1662 1452 1693 sibi
1476 1668 1607 1693 constat.

285 1718 498 1760 Consequitur
518 1718 648 1759 insuper
666 1716 720 1747 ille
738 1717 882 1748 notitiam
905 1723 1028 1747 naturae
1047 1716 1211 1760 cujusdam
1231 1716 1382 1758 simplicis
1400 1722 1433 1746 et
1455 1717 1609 1746 immuta-

283 1771 364 1802 bilis.
394 1771 529 1801 Animus
556 1771 674 1812 igitur,
711 1781 785 1801 cum
808 1770 1007 1802 immutabile
1038 1771 1097 1809 sit,
1127 1770 1266 1812 pertinet
1299 1768 1338 1799 ad
1370 1779 1479 1799 rerum
1507 1779 1609 1810 genus

286 1824 452 1857 ἀσύνθετον
463 1847 471 1862 ,
494 1822 630 1865 ideoque
650 1823 784 1865 simplex
799 1829 846 1853 est
860 1829 892 1854 et
906 1824 1122 1865 incorporeus.
1140 1822 1237 1863 Atqui
1254 1822 1482 1851 contrariarum
1499 1831 1608 1851 rerum

285 1878 439 1909 contraria
458 1883 534 1908 sunt
559 1876 730 1916 attributa3
758 1887 832 1919 ergo
854 1882 892 1907 ut
913 1887 1026 1918 corpus
1046 1874 1227 1906 dissolubile
1252 1880 1316 1913 est,
1342 1874 1385 1904 ita
1410 1874 1535 1904 animus
1556 1875 1609 1903 iu-

284 1930 471 1963 dissolubilis
489 1931 545 1970 sit,
566 1940 693 1961 necesse
713 1935 776 1969 est,
796 1935 828 1960 et
847 1935 917 1972 post
937 1929 1076 1972 corporis
1098 1933 1233 1958 mortem
1252 1931 1424 1957 remaneat.
1450 1926 1608 1957 Praeterea

343 2045 376 2073 (i)
394 2043 454 2067 Vid.
473 2043 614 2066 Aristoteles
629 2043 658 2065 de
675 2043 769 2070 anima,
791 2042 838 2064 lib.
853 2043 876 2064 1.
891 2049 915 2064 c.
933 2050 958 2064 2.
977 2041 1028 2064 Cic.
1045 2041 1124 2064 Acad.
1143 2044 1229 2071 quaest.
1250 2039 1271 2062 l.
1288 2040 1324 2062 11.
1344 2047 1367 2062 c.
1385 2040 1424 2069 37.
1440 2038 1565 2061 Lucretius
1578 2038 1608 2061 de

283 2091 363 2106 rerum
380 2088 481 2112 natura,
499 2083 519 2105 1.
537 2084 559 2105 1.
580 2089 607 2106 v.
627 2083 681 2105 830.
704 2082 783 2111 Quam
800 2085 904 2105 mentem
918 2081 1005 2104 statuit
1017 2081 1106 2104 Thales
1120 2080 1185 2111 apud
1198 2080 1336 2103 Ciceronem
1351 2079 1379 2102 de
1393 2083 1448 2101 nat.
1464 2078 1532 2100 deor.
1547 2077 1567 2100 l.
1581 2078 1604 2100 Ι.

283 2132 306 2146 c.
325 2130 362 2145 ιο.
385 2123 449 2146 nihil
457 2127 492 2146 est
504 2121 583 2151 aliud,
600 2128 674 2153 quam
690 2121 727 2146 vis
740 2121 850 2151 quaedam
863 2129 963 2147 movens
973 2128 1025 2152 quae
1036 2122 1142 2145 materias
1154 2121 1227 2149 inest,
1241 2127 1290 2143 non
1303 2126 1359 2143 vero
1375 2119 1405 2141 ab
1415 2118 1456 2141 illa
1470 2121 1606 2148 separatur.
