1747 2620
720 272 735 313 (
754 271 792 312 41
819 272 835 314 )

105 344 217 366 revera
246 348 336 370 senes
364 341 482 383 reperti
511 342 544 373 in
572 343 689 385 quibus
716 344 821 377 adhuc
852 349 924 380 satis
956 361 1069 394 magna
1094 355 1261 397 existebat3
1294 360 1347 392 sed
1375 361 1443 394 haec

105 390 252 432 exempla
277 398 353 423 sunt
373 395 490 426 rariora
513 396 569 439 (1).
607 398 655 429 Ex
679 398 777 431 hacce
795 402 876 433 serie
894 404 1128 438 imminutionis
1148 421 1311 452 possemus
1336 414 1442 448 forsan

102 442 287 479 existimare
311 445 460 489 thymum
486 449 519 485 in
542 456 626 483 statu
652 452 754 485 foetali
779 457 977 500 praecipuam
1004 471 1094 492 suam
1120 462 1320 498 functionem
1347 480 1443 511 pera-

103 506 194 538 gere,
222 498 370 543 hancque
393 501 593 536 functionem
614 507 731 538 sensim
755 510 937 554 sensimque
957 521 1118 547 crescente
1139 524 1230 549 aetate
1250 521 1440 554 annihilari:

101 549 172 581 haec
190 562 299 584 revera
319 555 426 597 opinio
447 563 494 588 est
515 558 610 590 hodie
630 568 759 604 accepta
786 569 883 606 atque
905 566 1138 611 vulgatissima3
1164 572 1229 604 imo
1250 575 1342 606 aiunt
1360 587 1440 608 auc—

100 608 200 641 tores,
225 604 399 639 humorum
420 609 512 642 illum
536 611 694 654 lacteum,
712 626 775 658 quo
797 618 941 660 repletur
962 622 996 651 in
1012 622 1113 655 foetali
1134 631 1234 667 statu,
1256 628 1357 660 foetus
1374 642 1440 662 nu—

99 656 221 688 tritioni
242 660 372 692 omniuo
389 666 603 698 necessarium
626 679 707 709 esse3
730 670 808 712 quid
828 671 887 703 hac
912 673 952 705 de
973 686 1008 706 re
1029 678 1289 713 concludendum
1310 684 1366 724 sit,
1387 685 1438 717 vel

99 709 268 744 admittere
290 714 340 746 vel
355 727 420 747 non
440 718 609 751 admittere
629 724 820 755 sententiam
840 725 946 767 illam,
968 735 1110 762 nostrum
1133 743 1198 764 non
1219 741 1267 765 est
1281 742 1437 779 statuere,

97 765 154 807 qui
170 766 222 797 vix
238 766 337 799 limen
356 771 497 804 scientiae
519 774 652 806 medicae
673 778 848 820 attigimUS.
879 781 1031 826 Temperi
1052 791 1149 829 atque
1174 787 1436 834 physiologorum

96 819 393 865 investigationibus
415 825 483 857 haec
505 833 552 859 est
572 829 785 876 relinquenda
810 840 849 865 ut
866 835 1056 870 stabiliatur.

407 933 440 963 2.
480 934 538 965 De
565 935 703 968 Ductzls
737 939 912 974 Uzoraciei
928 943 1119 987 functione.

138 1013 265 1047 Ductus
296 1016 490 1051 Thoracicus
523 1021 731 1056 nobilissimas
759 1033 865 1069 partes
901 1030 936 1061 in
965 1035 1141 1067 oeconomia
1174 1038 1304 1070 animali
1342 1042 1407 1085 agit
1424 1055 1430 1073 τ

92 1065 208 1109 chylus
228 1080 346 1113 nempe
366 1083 424 1114 per
438 1085 510 1105 vasa
529 1075 672 1108 laetifera
693 1078 732 1109 ad
754 1080 901 1114 intimam
920 1084 1146 1121 intestinorum
1166 1091 1282 1124 faciem
1299 1094 1431 1138 absorp-

90 1125 158 1159 ωε,
182 1127 215 1151 et
230 1123 263 1153 in
280 1124 449 1158 cisternam
469 1128 649 1162 lumbarem
672 1131 805 1173 ductus,
829 1136 863 1166 in
884 1137 953 1179 ipso
973 1138 1028 1170 illo
1051 1142 1153 1173 canali
1175 1142 1266 1187 juxta
1284 1146 1430 1191 longitu—

88 1172 197 1205 dinem
216 1175 374 1209 columnae
391 1180 575 1214 vertebralis
594 1186 752 1227 ascendit,
770 1194 808 1219 ut
822 1190 856 1220 in
873 1201 986 1224 venam
1003 1193 1206 1228 suhctaveam
1222 1200 1426 1235 infundatur.

86 1225 419 1264 communicationem
443 1235 543 1277 igitur
567 1238 647 1268 sistit
673 1239 758 1271 inter
782 1241 967 1285 digestionis
991 1253 1023 1277 et
1047 1249 1263 1284 circulationis
1288 1266 1426 1298 organa3

83 1282 233 1324 sanguini
256 1284 451 1326 productum
476 1288 659 1332 digestionis
679 1293 788 1334 affert,
811 1296 938 1340 ipsique
958 1302 1132 1342 particulas
1152 1316 1224 1337 suas
1244 1310 1426 1342 nutrientes

83 1335 242 1368 conciliat.
271 1338 303 1369 Si
324 1346 407 1372 sorte
430 1343 569 1385 quadam
596 1345 809 1389 discindatur,
837 1358 949 1394 sponte
969 1355 1026 1386 sua
1049 1364 1182 1399 apparet
1206 1361 1285 1403 quid
1308 1366 1423 1405 nocui,

81 1389 226 1432 quidque
246 1390 389 1425 lethiferi
416 1396 479 1428 tale
505 1398 623 1431 vulnus
646 1411 756 1434 secum
776 1403 860 1435 ferat
881 1413 1015 1449 oportet.
1044 1410 1179 1454 Sanguis
1198 1424 1264 1446 non
1284 1418 1423 1460 amplius

80 1440 264 1485 digestionis
284 1447 479 1489 productum
499 1453 628 1497 recipit,
651 1456 737 1499 quod
758 1468 847 1490 nunc
867 1460 901 1491 in
920 1461 1064 1495 Thorace
1086 1465 1285 1510 effunditur3
1306 1482 1422 1515 corpus

79 1506 145 1527 non
171 1498 309 1541 amplius
333 1504 496 1545 nutritur,
522 1508 659 1540 moritur
684 1509 747 1542 tale
771 1509 850 1555 quid
869 1525 1048 1558 perpessus.
1075 1519 1172 1559 Quod
1194 1523 1312 1555 canalis
1331 1525 1421 1557 Tho—

79 1549 203 1582 racicus
225 1552 410 1587 obliteratus
428 1557 530 1591 fuerit
550 1568 713 1604 repertUS‚
733 1571 765 1596 et
779 1567 865 1609 quod
882 1568 1093 1604 nihilominus
1108 1573 1266 1619 absorptio
1281 1580 1419 1621 perfice-

77 1608 185 1644 retur,
216 1606 401 1641 conclusere
418 1618 563 1645 auctores
581 1617 630 1647 uti
652 1617 796 1657 Richat,
819 1626 880 1653 etc.
907 1623 1040 1668 chylurn
1062 1633 1132 1660 tum
1154 1641 1213 1673 per
1233 1635 1418 1666 communi-

78 1657 235 1690 cationem
257 1663 430 1704 quamdam
453 1666 538 1699 inter
558 1680 613 1702 vas
637 1670 873 1716 lymphaticum
897 1676 1047 1712 dextrum
1074 1687 1107 1713 et
1131 1682 1267 1717 ductum
1291 1686 1417 1721 Thora—

79 1711 184 1744 cicum
202 1715 408 1758 existentem,
430 1721 552 1762 perfici.
578 1722 642 1755 Alii
663 1726 710 1757 uti
731 1727 877 1767 Haller,
902 1732 1058 1772 Meckel,
1078 1736 1416 1774 Kauw-Boerlzaave

79 1767 215 1799 statuere
231 1768 465 1814 absorptionem
481 1780 560 1808 tunc
574 1789 731 1813 venarum
748 1793 808 1826 ope
827 1784 912 1827 fieri,
929 1797 1069 1830 quorum
1085 1791 1270 1834 opinionem
1286 1795 1416 1829 Bichac
