1747 2620
715 248 727 288 (
753 249 792 278 13
818 247 830 289 )

112 339 221 360 omnes
243 326 384 369 magistri
404 323 444 355 de
469 322 649 353 animorum
669 319 906 350 immortalitate
926 316 1116 348 sententiam
1140 318 1368 345 conservarunt
1389 311 1436 354 (1)

111 381 166 412 sed
192 392 209 411 e
235 379 345 410 Stoicis
367 386 512 419 quoque,
544 374 599 416 qui
628 371 770 413 alioquin
795 372 901 401 minus
928 369 1066 412 henigne
1090 368 1130 399 de
1157 367 1337 397 animorum
1369 370 1438 407 post

113 439 249 465 mortem
275 437 360 462 statu
384 429 588 473 judicarunt,
612 425 665 455 hic
691 424 843 455 Senecam
867 422 980 454 afferre
1000 421 1094 459 libet,
1118 420 1179 450 hoc
1200 418 1328 449 dantem
1352 427 1438 459 prae-

115 493 262 530 ceptum:
286 497 304 515 ))
316 484 384 515 Alia
403 493 459 513 nos
476 481 563 523 origo
580 483 757 521 exspectat,
776 476 857 507 alius
870 486 979 507 rerum
998 480 1106 505 status.
1128 471 1311 514 Intrepidus
1328 469 1439 500 horam

114 540 202 571 illam
218 537 423 569 decretoriam
437 534 591 576 prospice.
614 531 686 562 Non
702 536 748 561 est
765 530 870 560 animo
885 539 1032 570 suprema
1042 551 1050 566 ,
1062 526 1116 557 sed
1129 525 1251 567 corpori
1268 530 1439 554 transeun-

116 593 193 624 dum
209 597 266 623 est.
291 591 366 621 Dies
383 588 454 626 ille,
476 597 573 629 quem
588 591 752 626 tamquam
772 593 959 624 supremum
978 579 1181 616 reformidas,
1203 577 1313 608 aeterni
1330 574 1441 605 natalis

115 645 179 676 est''
201 644 260 685 (2)
289 642 405 673 Seriori
427 641 504 671 item
531 645 674 680 tempore
692 634 871 679 philosophi
892 634 938 664 illi
956 632 1175 675 Neoplatonici
1199 632 1265 662 sive
1290 627 1441 659 Eclectici

115 696 249 728 eandem
270 695 458 726 sententiam
485 692 616 734 professi
641 694 732 727 sunt,
760 694 792 718 et
811 687 956 728 inprimis
980 685 1141 723 Plotinus‚
1168 684 1225 725 qui
1246 681 1377 724 quidem
1401 690 1441 710 ex

115 749 270 781 industria
300 748 388 778 illam
412 746 579 777 materiem
604 742 750 773 tractavit
779 740 936 781 variisque
961 737 1159 781 argumentis
1189 747 1264 766 cum
1290 736 1441 774 incorpo—

115 813 202 834 ream
218 801 316 832 animi
332 805 496 837 naturam,
520 803 589 827 tum
608 795 677 839 ejus
692 792 963 824 immortalitatem
982 791 1116 822 ornavit.
1139 787 1262 819 Deinde
1282 785 1442 823 Amelius‚

115 855 332 898 Porphyrius,
359 853 412 883 alii
437 851 495 893 (3).
534 850 641 891 Atque
667 847 738 878 haec
768 845 926 877 sufficiant
953 844 992 875 de
1021 843 1180 885 antiquis,
1216 851 1325 871 omnes
1356 838 1443 869 enim

116 919 305 941 enumerare
331 907 463 948 longum
487 910 543 935 est.
571 901 796 933 Recentiorum
822 909 897 930 vero
922 895 1184 939 philosophorum
1199 917 1207 933 ,
1237 893 1356 935 quippe
1385 891 1442 933 qui

118 961 249 992 clariore
265 960 438 1000 divinaque
458 957 530 987 luce
551 960 642 985 erant
656 952 846 990 collustrati,
873 951 912 981 de
930 950 1028 980 animi
1048 947 1284 979 immortalitate
1300 946 1445 976 testimo-

116 1013 187 1052 nia,
218 1011 304 1054 quod
327 1009 366 1041 ad
391 1013 616 1051 argumentum
642 1005 703 1036 hoc
728 1005 915 1035 historicum
938 1003 1097 1044 pertinet,
1123 1001 1230 1031 minus
1254 1000 1287 1029 in
1311 1008 1445 1028 censum

117 1065 228 1097 venire
247 1068 389 1105 possunt.
420 1061 469 1091 Ad
491 1058 689 1090 efficiendam
713 1063 798 1087 certe
818 1055 916 1099 hujus
936 1054 1117 1097 argumenti
1140 1053 1204 1084 vim
1231 1051 1293 1082 sola
1315 1049 1445 1081 rationis

117 1127 212 1158 opera
232 1121 263 1145 et
287 1113 406 1156 judicia
429 1112 652 1153 requiruntur.
686 1109 799 1150 Neque
822 1108 909 1138 enim
933 1107 1064 1149 quaestio
1084 1107 1118 1136 iu
1143 1116 1180 1136 eo
1207 1109 1372 1141 versatur,
1404 1113 1445 1132 an

117 1169 232 1199 divinae
252 1166 291 1196 de
310 1166 489 1196 animorum
507 1161 744 1193 immortalitate
764 1161 914 1191 doctrinae
939 1160 1034 1191 fidem
1058 1158 1231 1190 habuerint
1254 1156 1447 1188 recentiores

115 1219 295 1263 philosophi
323 1216 450 1248 necne?
480 1227 593 1248 verum
614 1226 655 1245 an
675 1215 741 1257 ipsa
762 1219 875 1245 natura
897 1213 1003 1244 haecce
1024 1213 1131 1254 opinio
1150 1212 1189 1241 iis
1210 1210 1309 1241 fuerit
1332 1207 1446 1239 insita?

117 1273 205 1312 Quos
226 1273 357 1313 insuper
379 1271 405 1301 si
427 1270 498 1312 quis
518 1279 644 1307 omnes,
669 1273 702 1298 et
724 1267 775 1298 vel
795 1277 907 1297 eorum
930 1266 1021 1308 quasi
1043 1265 1265 1306 antesignanos
1290 1262 1446 1304 Augusti-

115 1337 215 1364 num,
237 1325 402 1362 Ficinum,
427 1322 594 1360 Brunum,
620 1319 857 1362 Campanellam
871 1342 880 1358 ,
908 1317 1127 1356 Gassendum,
1154 1316 1333 1354 Meierum,
1361 1314 1446 1345 Cru-

115 1379 218 1417 sium,
249 1376 487 1414 Crousatzium,
522 1373 729 1411 Creutzium,
766 1370 967 1414 Hartlejum,
1000 1370 1201 1408 Bonnetum‚
1226 1367 1446 1404 Memmium,

116 1432 322 1469 Rehnarum,
350 1434 412 1460 cet.
437 1437 603 1459 recensere
631 1425 745 1464 vellet,
775 1424 864 1455 unde
889 1423 1018 1455 initium
1044 1421 1230 1453 ducendum
1258 1426 1359 1458 esset,
1390 1418 1446 1449 ubi
1480 1414 1482 1416 ’

118 1485 189 1515 finis
212 1480 477 1514 constituendus?
507 1479 569 1510 Sed
588 1479 743 1510 nimirum
766 1484 831 1509 tam
853 1487 1056 1508 communem
1079 1476 1200 1507 hancce
1221 1474 1260 1505 de
1279 1475 1447 1504 immorta-

92 1572 94 1575 ,
119 1536 208 1568 litate
231 1535 420 1566 sententiam
447 1533 544 1564 etiam
565 1532 649 1562 inter
670 1531 855 1561 recentioris
880 1530 939 1562 aevi
961 1528 1162 1572 philosophos
1183 1527 1280 1558 fuisse
1307 1525 1443 1562 scimus,

120 1594 159 1620 ut
178 1588 234 1630 qui
255 1587 451 1618 contrarium
474 1590 676 1623 statuerunt,
702 1596 721 1615 a
743 1583 868 1626 vulgari
892 1589 924 1614 et
946 1589 1073 1626 recepta
1100 1582 1249 1625 opinione
1272 1578 1445 1610 discessisse

120 1641 290 1675 videantur
312 1640 374 1682 (4).

119 1705 1444 1721 *Μ

181 1752 224 1780 (ι)
240 1751 280 1774 Cf.
300 1751 329 1774 de
342 1751 427 1774 Severo
441 1749 539 1772 Eusebii
554 1756 657 1779 praepar.
676 1747 794 1778 Evangel.
811 1747 886 1769 XIII.
906 1755 933 1777 p.
947 1747 1002 1769 410.
1022 1746 1146 1769 Plutarchi
1160 1745 1222 1767 liber
1237 1744 1266 1767 de
1283 1743 1360 1766 animi
1381 1747 1444 1764 tran-

122 1791 243 1822 quintiane
260 1798 331 1821 porro
347 1790 445 1820 Apuleii
464 1789 539 1820 ipsius
558 1789 619 1811 liber
637 1788 665 1811 de
680 1787 794 1811 habitud.
817 1787 836 1809 1.
855 1788 878 1809 1.
898 1791 922 1809 et
935 1786 1039 1810 Maximi
1052 1785 1124 1816 Tyrii
1141 1785 1200 1807 diss.
1219 1784 1280 1806 XV.
1299 1787 1357 1805 sect.
1379 1782 1404 1804 5.
1418 1786 1442 1804 ει

122 1831 199 1855 XVI.
217 1835 278 1854 sect,
297 1839 323 1860 9.

181 1870 226 1898 (2)
241 1870 326 1892 Seneca
344 1869 392 1898 Ep.
414 1877 469 1892 102.

182 1909 226 1937 (5)
245 1908 307 1930 Vid.
324 1907 435 1930 Plotiuus
448 1915 545 1938 opernm
559 1906 650 1937 philoa-
671 1911 695 1930 et
705 1906 817 1937 inprimis
830 1906 942 1929 Eunead.
958 1905 1005 1928 1V.
1021 1904 1067 1927 ΠΙ).
1085 1903 1146 1926 v·11.
1162 1910 1186 1925 c.
1205 1909 1246 1931 ιο,
1263 1909 1303 1930 ¹25
1321 1900 1351 1924 de
1362 1899 1446 1923 ceteris

121 1947 210 1971 Stobaei
226 1947 318 1977 Eclogae
338 1946 458 1976 physicae,
475 1954 534 1977 pag.
550 1947 594 1968 818
609 1954 664 1977 eqq.
688 1950 711 1969 et
727 1954 786 1977 pag..
803 1946 847 1968 864
864 1953 933 1974 seq„
954 1952 984 1966 ex
1000 1943 1061 1966 edit.
1082 1941 1208 1965 Haerenti.

183 1987 226 2015 (4)
242 1986 278 2008 De
295 1986 408 2008 omnibus
423 1994 475 2015 qua:
489 1986 534 2008 hac
548 1986 699 2016 paragrapho
711 1985 901 2015 disputavimus,
917 1983 1130 2006 utetdeveterum
1142 1983 1272 2012 poetarum
1284 1978 1442 2006 testimonii3‚

122 2026 276 2057 Epicharmi,
295 2025 412 2053 Pindari,
427 2025 552 2055 AEschyli,
568 2025 704 2055 Sophoclis,
725 2024 865 2053 Eusipidis,
887 2022 930 2045 eff.
948 2021 1139 2052 Wyuenhachii
1152 2020 1219 2051 disp.
1234 2020 1264 2043 ad
1281 2020 1371 2050 judices
1381 2018 1445 2047 Tey-

120 2065 227 2090 terinos
249 2065 353 2095 scripta:
373 2071 426 2095 quae
442 2063 516 2087 fuerit
533 2068 642 2088 veterum
661 2064 864 2096 philosophorum
883 2062 940 2086 iude
956 2070 971 2085 a
992 2062 1094 2085 Thalete
1113 2065 1137 2084 et
1160 2060 1301 2092 Pythagora
1321 2065 1395 2089 usque
1412 2057 1445 2080 ad
