1747 2620
878 248 1013 294 (118')

280 326 396 359 exinde
428 325 621 358 incommodi
648 324 807 357 redundet
836 331 981 368 oportet,
1007 324 1155 368 illudque
1180 336 1238 368 per
1265 336 1297 357 se
1326 331 1425 368 patet.
1456 325 1618 358 Debemus

280 381 379 425 igitur
398 392 525 412 omnem
550 386 688 411 nostram
709 391 820 411 curam
841 379 1029 422 impendere
1050 386 1086 411 ut
1116 391 1231 422 corpus
1254 386 1424 412 externum
1451 380 1618 412 educatur.

280 435 410 479 Duplici
429 434 522 466 modo
543 440 645 477 potest
665 434 734 465 haec
752 434 880 464 eductio
898 434 984 473 fieri,
1006 434 1102 465 solius
1123 433 1244 464 scilicet
1265 440 1388 465 naturae
1410 434 1547 474 viribus,
1568 435 1620 468 vel

281 491 356 522 artis
374 488 585 520 medicatricis
606 487 736 518 auxilio.
758 487 790 517 Si
811 486 905 517 facile
926 488 1001 517 artis
1023 498 1082 530 ope
1107 488 1336 519 exn-actionem
1360 488 1485 519 efficere
1506 500 1620 531 possu-

283 555 369 583 mus,
389 554 452 573 non
477 541 617 584 prudens
641 541 725 572 soret
746 546 869 572 naturae
891 540 1014 573 viribus
1036 541 1213 581 confidere3
1239 543 1343 574 exitus
1369 543 1454 574 enim
1478 543 1620 574 incertus

281 604 344 637 θεὶς
364 596 417 627 sed
440 596 507 626 haec
527 594 698 638 aliquando
719 595 923 637 persequitur
943 594 1014 634 illa,
1037 606 1110 637 quae
1131 595 1219 627 nulla
1240 608 1289 627 ars
1310 598 1463 639 perficere
1483 596 1620 636 valeret,

281 653 314 683 in
335 650 458 682 casibus
479 649 651 692 desperatis
675 649 790 692 saepius
808 648 997 691 opitulatur.
1023 649 1136 681 Varios
1152 650 1238 693 apud
1259 656 1404 681 auctores
1418 651 1526 693 legere
1546 662 1622 694 pos-

280 717 391 737 sumus
411 704 558 747 exempla
578 705 611 735 in
633 703 751 747 quibus
770 710 884 735 natura
905 703 1109 735 eductionem
1127 715 1298 747 corporum
1318 710 1525 736 externorum
1545 716 1622 748 per-

282 760 375 799 fecit,
404 770 478 790 nam
501 757 552 790 vel
579 764 779 800 expectorata
807 757 875 789 haec
899 757 1008 797 fuere,
1034 758 1086 790 vel
1112 758 1249 789 formato
1274 758 1405 790 abcessu
1429 765 1522 790 extus
1546 770 1622 790 cum

282 824 363 857 pure
385 812 525 844 fluxere:
553 812 636 842 inter
663 811 738 842 alios
759 811 825 842 illic
848 812 1029 843 meminisse
1050 811 1141 856 juvat
1161 823 1251 843 casus
1272 812 1409 843 mirandi
1430 823 1505 843 sane
1530 812 1623 856 cujus

245 881 247 883 ·
282 867 451 909 descriptio
474 866 560 908 apud
581 865 743 896 Bohnium
766 866 931 896 invenitur
950 866 1008 908 (l).
1038 877 1056 896 ))
1073 865 1163 897 Miles
1184 866 1305 896 scilicet
1327 866 1381 908 qui
1403 866 1534 908 sclopeti
1556 867 1624 897 ictu

284 933 302 953 )›
318 923 351 952 in
370 920 513 952 Thorace
534 918 721 951 vulneratus
740 919 862 958 fuerat,
884 918 986 949 tribus
1007 925 1063 950 aut
1082 924 1220 961 quatuor
1239 930 1256 949 a
1278 920 1441 950 sanatione
1462 919 1623 950 mensibus

284 987 303 1006 ))
318 986 376 1018 per
398 985 540 1016 asperam
563 973 711 1004 arteriam
733 974 807 1003 satis
828 984 967 1004 crassum
994 979 1027 1004 et
1048 973 1150 1004 tribus
1168 972 1208 1004 ad
1228 973 1402 1004 minimum
1422 972 1529 1016 digitis
1550 973 1625 1004 lon·-

284 1039 397 1071 »gum
428 1033 520 1058 costae
545 1027 763 1069 fragmentum
790 1026 903 1069 ejecit,
929 1026 970 1072 ab
992 1037 1095 1069 eoque
1123 1032 1268 1069 tempore
1293 1026 1423 1058 nullum
1446 1032 1625 1070 symptoma

284 1094 303 1113 ))
319 1080 446 1112 sensit.'⁷
473 1080 547 1111 Haec
564 1091 675 1111 revera
695 1080 839 1111 miranda
855 1086 943 1119 sunt,
966 1091 1073 1122 neque
1088 1081 1178 1112 nobis
1193 1092 1361 1123 possumus
1379 1082 1452 1112 satis
1467 1082 1624 1113 rationem

284 1135 418 1167 reddere
443 1134 482 1165 de
503 1134 593 1165 istius
615 1134 794 1165 eductionis
814 1134 908 1164 modo
931 1145 988 1176 per
1009 1146 1079 1166 vasa
1100 1134 1293 1177 pulmonum
1310 1135 1462 1175 aerifer33
1482 1141 1625 1166 attamen

285 1195 380 1221 tantae
405 1188 601 1219 auctoritatis
623 1193 720 1230 atque
746 1189 925 1218 veracitatis
950 1188 1020 1219 Viri
1047 1188 1235 1231 exemplum
1265 1189 1399 1220 minime
1424 1190 1458 1219 iu
1487 1189 1624 1221 dubium

284 1242 500 1275 revocandum
521 1247 577 1273 est.
604 1242 646 1274 At
666 1242 831 1273 enimvero
851 1242 876 1272 si
899 1241 938 1272 ad
963 1243 1038 1272 artis
1059 1242 1213 1273 miracula
1234 1244 1379 1273 animum
1400 1249 1545 1274 nostrum
1567 1243 1626 1274 ad-

286 1298 456 1337 vertimus,
483 1296 610 1328 abunde
635 1296 697 1327 erit
718 1307 776 1327 cur
799 1295 968 1327 homiuum
992 1296 1025 1326 in
1049 1295 1144 1327 rebus
1166 1292 1355 1339 chirurgicis
1378 1296 1537 1328 solertiam
1563 1296 1627 1328 mi—

285 1364 410 1392 remur,
433 1352 505 1395 qui,
526 1350 674 1382 remediis
690 1362 755 1382 non
770 1349 970 1381 solummodo
989 1351 1117 1381 interne
1132 1349 1297 1389 adhibitis,
1314 1349 1499 1381 morborum
1518 1362 1627 1382 causas

285 1406 452 1446 evellunt,
482 1405 535 1437 sed
563 1411 596 1436 et
621 1407 717 1437 etiam
748 1404 857 1448 peritis
891 1402 1039 1435 manibus
1069 1403 1102 1434 in
1129 1414 1224 1435 usum
1256 1404 1374 1435 vocatis
1400 1404 1570 1435 inimicum
1595 1410 1628 1436 et

285 1460 412 1492 sanitati
437 1460 592 1491 infestum
618 1471 733 1502 corpus
760 1460 794 1490 in
820 1459 941 1490 intimis
968 1458 1139 1501 organismi
1163 1457 1292 1489 latebris
1315 1464 1483 1500 quaerunt,
1512 1469 1627 1502 aggre-

287 1514 438 1553 diuntur,
463 1513 625 1553 evellunt,
650 1519 682 1544 et
704 1525 778 1545 cum
801 1513 933 1546 victoria
959 1513 1097 1556 proximi
1121 1512 1171 1543 sui
1195 1512 1362 1543 sanitatem
1391 1511 1626 1554 adipiscuntur.

288 1569 324 1599 In
348 1579 384 1600 eo
406 1580 494 1599 nunc
514 1568 666 1611 temporis
687 1574 733 1600 est
748 1567 935 1611 Chirurgia,
958 1573 996 1598 ut
1015 1566 1078 1610 jam
1098 1565 1194 1597 hodie
1213 1576 1254 1596 ne
1274 1565 1394 1596 mirum
1416 1565 1547 1607 quidem
1569 1566 1626 1606 sit,

288 1622 374 1665 quod
395 1627 482 1652 tanta
498 1627 594 1664 atque
610 1621 798 1653 tanrmulta
818 1621 993 1652 tentamina
1009 1621 1129 1664 optimo
1149 1630 1297 1652 successu
1312 1619 1504 1662 procedant:
1523 1620 1626 1652 multa

288 1674 407 1713 liabeo,
430 1686 502 1717 quae
517 1686 647 1706 narrare
664 1686 786 1717 possem
802 1675 836 1706 in
856 1675 903 1706 rei
920 1674 1158 1718 probationem,
1174 1673 1229 1705 sed
1241 1673 1352 1705 nullus
1367 1674 1505 1717 amplius
1519 1675 1627 1706 existit

288 1729 345 1772 qui
375 1727 511 1759 dubium
538 1727 621 1759 circa
651 1728 735 1760 hanc
761 1740 830 1760 rem
861 1735 1007 1761 moveat:
1037 1740 1109 1761 sum
1135 1734 1244 1760 tamen
1273 1727 1363 1759 binas
1392 1727 1628 1760 observationes

289 1782 556 1824 transcripturu5‚
574 1788 705 1825 propter
719 1794 808 1814 suam
825 1783 1027 1814 insolentiam
1039 1783 1280 1822 curiosissimas,
1296 1788 1329 1813 et
1342 1793 1414 1825 quae
1428 1782 1467 1813 ad
1482 1788 1627 1814 nostrum

289 1848 423 1879 scopum
444 1847 483 1867 ex
502 1846 540 1866 eo
560 1842 721 1879 spectant,
742 1837 828 1880 quod
848 1837 1001 1881 probent,
1025 1849 1156 1881 corpora
1178 1837 1391 1880 heterogenea
1411 1848 1500 1880 posse
1516 1848 1534 1868 e
1552 1836 1628 1870 vul-

290 1890 421 1922 neribus
439 1890 574 1932 pectoris
594 1890 714 1933 optimo
734 1902 808 1923 cum
830 1902 978 1923 successu
998 1892 1111 1924 evelli:
1137 1903 1176 1923 ex
1198 1891 1348 1934 operibus
1370 1903 1386 1922 a
1408 1892 1526 1934 Larrey
1549 1902 1628 1922 con-

291 1944 415 1987 scriptis
443 1943 500 1974 has
525 1944 645 1987 sumpsi
669 1944 735 1988 (2):
772 1957 790 1976 ))
810 1946 847 1977 In
870 1957 908 1978 eo
930 1947 1039 1989 praelio
1065 1946 1150 1990 quod
1177 1946 1216 1978 ad
1241 1947 1402 1977 Lutetiam
1426 1946 1627 1977 Pariseorum

353 2059 386 2088 (1)
403 2058 460 2082 Lib.
479 2058 566 2086 land.‚
587 2066 644 2089 pag.
665 2059 719 2082 265.

354 2099 386 2128 (2)
403 2099 508 2129 Larrey,
530 2099 549 2121 1.
567 2099 585 2121 1.
597 2117 603 2128 ,
619 2104 680 2122 tom.
701 2099 747 2123 1V.
767 2107 825 2131 pag.
842 2100 897 2124 258.
919 2100 956 2124 Ex
970 2108 998 2124 eo
1011 2108 1081 2131 opere
1097 2099 1215 2131 quasdam
1231 2098 1328 2123 extraxi
1344 2098 1537 2125 observationes,
1550 2103 1628 2127 neque
