<?xml version="1.0" encoding="UTF-8"?>
<!DOCTYPE html PUBLIC "-//W3C//DTD XHTML 1.0 Transitional//EN"
    "http://www.w3.org/TR/xhtml1/DTD/xhtml1-transitional.dtd">
<html xmlns="http://www.w3.org/1999/xhtml" xml:lang="en" lang="en">
 <head>
  <title>
</title>
<meta http-equiv="Content-Type" content="text/html;charset=utf-8" />
  <meta name='ocr-system' content='tesseract 3.04.00' />
  <meta name='ocr-capabilities' content='ocr_page ocr_carea ocr_par ocr_line ocrx_word'/>
</head>
<body>
  <div class='ocr_page' id='page_1' title='image "annalesacademiae00acad_0123.png"; bbox 0 0 1747 2620; ppageno 0'>
   <div class='ocr_carea' id='block_1_1' title="bbox 737 239 850 283">
    <p class='ocr_par' dir='ltr' id='par_1_1' title="bbox 737 239 850 283">
     <span class='ocr_line' id='line_1_1' title="bbox 737 239 850 283; baseline 0.009 -1"><span class='ocrx_word' id='word_1_1' title='bbox 737 239 850 283; x_wconf 81' lang='lat'>(55)</span> 
     </span>
    </p>
   </div>
   <div class='ocr_carea' id='block_1_2' title="bbox 123 308 1467 408">
    <p class='ocr_par' dir='ltr' id='par_1_2' title="bbox 123 308 1467 408">
     <span class='ocr_line' id='line_1_2' title="bbox 126 308 1467 362; baseline 0.007 -22"><span class='ocrx_word' id='word_1_2' title='bbox 126 308 176 341; x_wconf 92' lang='lat' dir='ltr'>Cf.</span> <span class='ocrx_word' id='word_1_3' title='bbox 196 309 326 351; x_wconf 83' lang='lat' dir='ltr'>Merlin,</span> <span class='ocrx_word' id='word_1_4' title='bbox 342 311 447 353; x_wconf 60' lang='lat' dir='ltr'>Rep„</span> <span class='ocrx_word' id='word_1_5' title='bbox 471 319 516 344; x_wconf 71' lang='grc' dir='ltr'>νο.</span> <span class='ocrx_word' id='word_1_6' title='bbox 539 311 743 353; x_wconf 82' lang='lat' dir='ltr'>Succession,</span> <span class='ocrx_word' id='word_1_7' title='bbox 766 319 843 344; x_wconf 89' lang='lat' dir='ltr'>sect.</span> <span class='ocrx_word' id='word_1_8' title='bbox 865 313 889 345; x_wconf 93' lang='grc' dir='ltr'>Ι.</span> <span class='ocrx_word' id='word_1_9' title='bbox 911 313 980 356; x_wconf 77' lang='lat' dir='ltr'>§IL</span> <span class='ocrx_word' id='word_1_10' title='bbox 1003 321 1062 346; x_wconf 87' lang='lat' dir='ltr'>art.</span> <span class='ocrx_word' id='word_1_11' title='bbox 1082 314 1114 356; x_wconf 93' lang='lat'>4.</span> <span class='ocrx_word' id='word_1_12' title='bbox 1134 327 1168 347; x_wconf 86' lang='lat' dir='ltr'>n.</span> <span class='ocrx_word' id='word_1_13' title='bbox 1190 317 1222 347; x_wconf 79' lang='lat'>2.</span> <span class='ocrx_word' id='word_1_14' title='bbox 1249 322 1282 348; x_wconf 89' lang='lat' dir='ltr'>et</span> <span class='ocrx_word' id='word_1_15' title='bbox 1298 325 1344 350; x_wconf 81' lang='lat' dir='ltr'>v0.</span> <span class='ocrx_word' id='word_1_16' title='bbox 1364 318 1467 362; x_wconf 85' lang='lat' dir='ltr'>Juge-</span> 
     </span>
     <span class='ocr_line' id='line_1_3' title="bbox 123 365 426 408; baseline 0.003 -12"><span class='ocrx_word' id='word_1_17' title='bbox 123 371 230 406; x_wconf 83' lang='lat' dir='ltr'>ment,</span> <span class='ocrx_word' id='word_1_18' title='bbox 254 366 269 408; x_wconf 55' lang='grc' dir='ltr'><em>ᾗ</em></span> <span class='ocrx_word' id='word_1_19' title='bbox 290 365 426 397; x_wconf 80' lang='lat' dir='ltr'>VII-bis.</span> 
     </span>
    </p>
   </div>
   <div class='ocr_carea' id='block_1_3' title="bbox 113 462 1467 1319">
    <p class='ocr_par' dir='ltr' id='par_1_3' title="bbox 119 462 1467 729">
     <span class='ocr_line' id='line_1_4' title="bbox 167 462 1466 511; baseline 0.007 -18"><span class='ocrx_word' id='word_1_20' title='bbox 167 462 252 493; x_wconf 91' lang='lat' dir='ltr'>XLI.</span> <span class='ocrx_word' id='word_1_21' title='bbox 287 464 331 494; x_wconf 84' lang='lat' dir='ltr'>Ea</span> <span class='ocrx_word' id='word_1_22' title='bbox 352 470 459 494; x_wconf 87' lang='lat' dir='ltr'>autem</span> <span class='ocrx_word' id='word_1_23' title='bbox 483 463 554 508; x_wconf 83' lang='lat' dir='ltr'>jura</span> <span class='ocrx_word' id='word_1_24' title='bbox 579 475 651 507; x_wconf 79' lang='lat' dir='ltr'>quae</span> <span class='ocrx_word' id='word_1_25' title='bbox 671 466 849 509; x_wconf 83' lang='lat' dir='ltr'><strong>peregrinis</strong></span> <span class='ocrx_word' id='word_1_26' title='bbox 873 466 939 510; x_wconf 60' lang='lat' dir='ltr'>ipsa</span> <span class='ocrx_word' id='word_1_27' title='bbox 965 467 1075 511; x_wconf 85' lang='lat' dir='ltr'>legum</span> <span class='ocrx_word' id='word_1_28' title='bbox 1096 474 1277 500; x_wconf 76' lang='lat' dir='ltr'>nostrarum</span> <span class='ocrx_word' id='word_1_29' title='bbox 1301 469 1349 510; x_wconf 83' lang='lat' dir='ltr'>vi,</span> <span class='ocrx_word' id='word_1_30' title='bbox 1375 470 1466 502; x_wconf 89' lang='lat' dir='ltr'>nullo</span> 
     </span>
     <span class='ocr_line' id='line_1_5' title="bbox 121 515 1467 568; baseline 0.007 -21"><span class='ocrx_word' id='word_1_31' title='bbox 121 515 282 548; x_wconf 79' lang='lat' dir='ltr'>foederum</span> <span class='ocrx_word' id='word_1_32' title='bbox 305 516 413 548; x_wconf 86' lang='lat' dir='ltr'>habito</span> <span class='ocrx_word' id='word_1_33' title='bbox 431 524 596 560; x_wconf 76' lang='lat' dir='ltr'>respectu,</span> <span class='ocrx_word' id='word_1_34' title='bbox 616 525 822 562; x_wconf 74' lang='lat' dir='ltr'>competunt,</span> <span class='ocrx_word' id='word_1_35' title='bbox 841 520 1040 561; x_wconf 78' lang='lat' dir='ltr'>nullatenus,</span> <span class='ocrx_word' id='word_1_36' title='bbox 1057 522 1178 554; x_wconf 80' lang='lat' dir='ltr'>indicto</span> <span class='ocrx_word' id='word_1_37' title='bbox 1195 522 1294 563; x_wconf 89' lang='lat' dir='ltr'>bello,</span> <span class='ocrx_word' id='word_1_38' title='bbox 1310 524 1378 567; x_wconf 87' lang='lat' dir='ltr'>ipso</span> <span class='ocrx_word' id='word_1_39' title='bbox 1395 523 1467 568; x_wconf 85' lang='lat' dir='ltr'>jure</span> 
     </span>
     <span class='ocr_line' id='line_1_6' title="bbox 121 572 1466 620; baseline 0.007 -19"><span class='ocrx_word' id='word_1_40' title='bbox 121 581 311 602; x_wconf 86' lang='lat' dir='ltr'>evanescere</span> <span class='ocrx_word' id='word_1_41' title='bbox 331 572 539 614; x_wconf 88' lang='lat' dir='ltr'>perspicuum</span> <span class='ocrx_word' id='word_1_42' title='bbox 557 578 613 603; x_wconf 84' lang='lat' dir='ltr'>est.</span> <span class='ocrx_word' id='word_1_43' title='bbox 638 573 745 604; x_wconf 85' lang='lat' dir='ltr'>Potest</span> <span class='ocrx_word' id='word_1_44' title='bbox 767 579 874 604; x_wconf 89' lang='lat' dir='ltr'>tamen</span> <span class='ocrx_word' id='word_1_45' title='bbox 895 575 1073 618; x_wconf 80' lang='lat' dir='ltr'>imperans,</span> <span class='ocrx_word' id='word_1_46' title='bbox 1093 576 1223 620; x_wconf 65' lang='lat' dir='ltr'>publica</span> <span class='ocrx_word' id='word_1_47' title='bbox 1243 578 1413 609; x_wconf 79' lang='lat' dir='ltr'>securitate</span> <span class='ocrx_word' id='word_1_48' title='bbox 1433 578 1466 610; x_wconf 88' lang='lat' dir='ltr'>id</span> 
     </span>
     <span class='ocr_line' id='line_1_7' title="bbox 119 624 1464 675; baseline 0.007 -20"><span class='ocrx_word' id='word_1_49' title='bbox 119 624 317 667; x_wconf 79' lang='lat' dir='ltr'>postulante,</span> <span class='ocrx_word' id='word_1_50' title='bbox 334 627 520 669; x_wconf 86' lang='lat' dir='ltr'>peregrinos</span> <span class='ocrx_word' id='word_1_51' title='bbox 539 638 650 658; x_wconf 89' lang='lat' dir='ltr'>omnes</span> <span class='ocrx_word' id='word_1_52' title='bbox 665 627 773 658; x_wconf 82' lang='lat' dir='ltr'>stricte</span> <span class='ocrx_word' id='word_1_53' title='bbox 791 628 835 658; x_wconf 86' lang='lat' dir='ltr'>sic</span> <span class='ocrx_word' id='word_1_54' title='bbox 851 628 965 668; x_wconf 86' lang='lat' dir='ltr'>dictos,</span> <span class='ocrx_word' id='word_1_55' title='bbox 986 631 1146 662; x_wconf 85' lang='lat' dir='ltr'>territorio</span> <span class='ocrx_word' id='word_1_56' title='bbox 1164 637 1271 662; x_wconf 84' lang='lat' dir='ltr'>nostro</span> <span class='ocrx_word' id='word_1_57' title='bbox 1287 632 1464 675; x_wconf 76' lang='lat' dir='ltr'>expellere,</span> 
     </span>
     <span class='ocr_line' id='line_1_8' title="bbox 119 678 1376 729; baseline 0.006 -19"><span class='ocrx_word' id='word_1_58' title='bbox 119 678 203 722; x_wconf 87' lang='lat' dir='ltr'>justo</span> <span class='ocrx_word' id='word_1_59' title='bbox 223 679 261 711; x_wconf 87' lang='lat' dir='ltr'>ad</span> <span class='ocrx_word' id='word_1_60' title='bbox 281 679 467 712; x_wconf 84' lang='lat' dir='ltr'>abeundum</span> <span class='ocrx_word' id='word_1_61' title='bbox 489 687 634 724; x_wconf 81' lang='lat' dir='ltr'>tempore</span> <span class='ocrx_word' id='word_1_62' title='bbox 653 682 690 712; x_wconf 91' lang='lat' dir='ltr'>iis</span> <span class='ocrx_word' id='word_1_63' title='bbox 709 692 868 713; x_wconf 89' lang='lat' dir='ltr'>concesso.</span> <span class='ocrx_word' id='word_1_64' title='bbox 893 683 967 725; x_wconf 86' lang='lat' dir='ltr'><strong>(Cf.</strong></span> <span class='ocrx_word' id='word_1_65' title='bbox 989 696 1020 714; x_wconf 91' lang='lat' dir='ltr'>n.</span> <span class='ocrx_word' id='word_1_66' title='bbox 1039 685 1102 715; x_wconf 92' lang='lat' dir='ltr'>XII</span> <span class='ocrx_word' id='word_1_67' title='bbox 1122 685 1221 729; x_wconf 86' lang='lat' dir='ltr'>hujus</span> <span class='ocrx_word' id='word_1_68' title='bbox 1241 687 1376 729; x_wconf 78' lang='lat' dir='ltr'>expos.)</span> 
     </span>
    </p>

    <p class='ocr_par' dir='ltr' id='par_1_4' title="bbox 113 733 1465 1319">
     <span class='ocr_line' id='line_1_9' title="bbox 163 733 1465 780; baseline 0.006 -16"><span class='ocrx_word' id='word_1_69' title='bbox 163 733 259 772; x_wconf 88' lang='lat' dir='ltr'>Quod</span> <span class='ocrx_word' id='word_1_70' title='bbox 278 733 343 778; x_wconf 85' lang='lat' dir='ltr'>jus,</span> <span class='ocrx_word' id='word_1_71' title='bbox 364 735 422 766; x_wconf 90' lang='lat' dir='ltr'>etsi</span> <span class='ocrx_word' id='word_1_72' title='bbox 442 735 524 766; x_wconf 86' lang='lat' dir='ltr'>forte</span> <span class='ocrx_word' id='word_1_73' title='bbox 545 735 693 778; x_wconf 87' lang='lat' dir='ltr'>pluribus</span> <span class='ocrx_word' id='word_1_74' title='bbox 714 736 930 769; x_wconf 88' lang='lat' dir='ltr'>inhumanum</span> <span class='ocrx_word' id='word_1_75' title='bbox 953 738 1132 780; x_wconf 83' lang='lat' dir='ltr'>videbitur,</span> <span class='ocrx_word' id='word_1_76' title='bbox 1154 746 1263 771; x_wconf 86' lang='lat' dir='ltr'>tamen</span> <span class='ocrx_word' id='word_1_77' title='bbox 1284 752 1379 772; x_wconf 90' lang='lat' dir='ltr'>nemo</span> <span class='ocrx_word' id='word_1_78' title='bbox 1400 752 1465 772; x_wconf 86' lang='lat' dir='ltr'>non</span> 
     </span>
     <span class='ocr_line' id='line_1_10' title="bbox 119 787 1464 834; baseline 0.006 -15"><span class='ocrx_word' id='word_1_79' title='bbox 119 787 222 828; x_wconf 83' lang='lat' dir='ltr'>videt,</span> <span class='ocrx_word' id='word_1_80' title='bbox 244 800 311 831; x_wconf 81' lang='lat' dir='ltr'>prae</span> <span class='ocrx_word' id='word_1_81' title='bbox 333 800 370 820; x_wconf 90' lang='lat' dir='ltr'>eo</span> <span class='ocrx_word' id='word_1_82' title='bbox 391 789 476 833; x_wconf 86' lang='lat' dir='ltr'>quod</span> <span class='ocrx_word' id='word_1_83' title='bbox 497 790 531 820; x_wconf 89' lang='lat' dir='ltr'>in</span> <span class='ocrx_word' id='word_1_84' title='bbox 553 790 668 833; x_wconf 55' lang='lat' dir='ltr'>Angli&amp;</span> <span class='ocrx_word' id='word_1_85' title='bbox 685 791 788 832; x_wconf 78' lang='lat' dir='ltr'>viget,</span> <span class='ocrx_word' id='word_1_86' title='bbox 805 798 965 834; x_wconf 76' lang='lat' dir='ltr'>praestare.</span> <span class='ocrx_word' id='word_1_87' title='bbox 991 792 1061 824; x_wconf 90' lang='lat' dir='ltr'>Illic</span> <span class='ocrx_word' id='word_1_88' title='bbox 1076 794 1179 834; x_wconf 84' lang='lat' dir='ltr'>enim,</span> <span class='ocrx_word' id='word_1_89' title='bbox 1201 795 1391 826; x_wconf 80' lang='lat' dir='ltr'>auctoritate</span> <span class='ocrx_word' id='word_1_90' title='bbox 1412 795 1464 826; x_wconf 84' lang='lat' dir='ltr'>fa-</span> 
     </span>
     <span class='ocr_line' id='line_1_11' title="bbox 119 842 1465 888; baseline 0.007 -16"><span class='ocrx_word' id='word_1_91' title='bbox 119 843 197 872; x_wconf 87' lang='lat' dir='ltr'>mosi</span> <span class='ocrx_word' id='word_1_92' title='bbox 225 842 312 874; x_wconf 85' lang='lat' dir='ltr'>illius</span> <span class='ocrx_word' id='word_1_93' title='bbox 337 844 446 874; x_wconf 78' lang='lat' dir='ltr'>alien-</span> <span class='ocrx_word' id='word_1_94' title='bbox 451 844 535 881; x_wconf 79' lang='lat' dir='ltr'>hill,</span> <span class='ocrx_word' id='word_1_95' title='bbox 570 844 672 887; x_wconf 83' lang='lat' dir='ltr'>quod,</span> <span class='ocrx_word' id='word_1_96' title='bbox 702 844 765 888; x_wconf 85' lang='lat' dir='ltr'>jam</span> <span class='ocrx_word' id='word_1_97' title='bbox 793 857 851 888; x_wconf 88' lang='lat' dir='ltr'>per</span> <span class='ocrx_word' id='word_1_98' title='bbox 880 857 913 877; x_wconf 84' lang='lat' dir='ltr'>se</span> <span class='ocrx_word' id='word_1_99' title='bbox 940 846 1081 887; x_wconf 79' lang='lat' dir='ltr'>dur,um</span> <span class='ocrx_word' id='word_1_100' title='bbox 1109 847 1277 880; x_wconf 87' lang='lat' dir='ltr'>durissime</span> <span class='ocrx_word' id='word_1_101' title='bbox 1304 849 1400 880; x_wconf 86' lang='lat' dir='ltr'>etiam</span> <span class='ocrx_word' id='word_1_102' title='bbox 1424 849 1465 880; x_wconf 85' lang='lat' dir='ltr'>ad</span> 
     </span>
     <span class='ocr_line' id='line_1_12' title="bbox 117 896 1460 944; baseline 0.006 -17"><span class='ocrx_word' id='word_1_103' title='bbox 117 896 269 928; x_wconf 84' lang='lat' dir='ltr'>eflectum</span> <span class='ocrx_word' id='word_1_104' title='bbox 286 898 493 940; x_wconf 76' lang='lat' dir='ltr'>peiducitur,</span> <span class='ocrx_word' id='word_1_105' title='bbox 514 909 593 929; x_wconf 66' lang='lat' dir='ltr'>exoi</span> <span class='ocrx_word' id='word_1_106' title='bbox 598 904 627 929; x_wconf 85' lang='lat' dir='ltr'>to</span> <span class='ocrx_word' id='word_1_107' title='bbox 648 898 881 938; x_wconf 72' lang='lat' dir='ltr'>be11070mnes</span> <span class='ocrx_word' id='word_1_108' title='bbox 904 900 1110 944; x_wconf 65' lang='lat' dir='ltr'>alienigenas,</span> <span class='ocrx_word' id='word_1_109' title='bbox 1132 903 1193 933; x_wconf 89' lang='lat' dir='ltr'>nisi</span> <span class='ocrx_word' id='word_1_110' title='bbox 1215 903 1311 934; x_wconf 77' lang='lat' dir='ltr'>deni</span> <span class='ocrx_word' id='word_1_111' title='bbox 1298 904 1460 940; x_wconf 75' lang='lat' dir='ltr'>ationis,</span> 
     </span>
     <span class='ocr_line' id='line_1_13' title="bbox 117 950 1463 995; baseline 0.007 -15"><span class='ocrx_word' id='word_1_112' title='bbox 117 955 156 980; x_wconf 88' lang='lat' dir='ltr'>ut</span> <span class='ocrx_word' id='word_1_113' title='bbox 176 950 437 990; x_wconf 73' lang='lat' dir='ltr'>dicunt‚lite1as</span> <span class='ocrx_word' id='word_1_114' title='bbox 458 963 474 981; x_wconf 90' lang='lat' dir='ltr'>a</span> <span class='ocrx_word' id='word_1_115' title='bbox 498 962 573 993; x_wconf 85' lang='lat' dir='ltr'>rege</span> <span class='ocrx_word' id='word_1_116' title='bbox 594 953 794 995; x_wconf 82' lang='lat' dir='ltr'>accepeiint‚</span> <span class='ocrx_word' id='word_1_117' title='bbox 816 955 911 985; x_wconf 87' lang='lat' dir='ltr'>etiam</span> <span class='ocrx_word' id='word_1_118' title='bbox 932 956 958 986; x_wconf 88' lang='lat' dir='ltr'>si</span> <span class='ocrx_word' id='word_1_119' title='bbox 978 956 1085 987; x_wconf 91' lang='lat' dir='ltr'>sedem</span> <span class='ocrx_word' id='word_1_120' title='bbox 1104 956 1153 987; x_wconf 85' lang='lat' dir='ltr'>f01</span> <span class='ocrx_word' id='word_1_121' title='bbox 1157 963 1309 989; x_wconf 87' lang='lat' dir='ltr'>tunarum</span> <span class='ocrx_word' id='word_1_122' title='bbox 1330 970 1404 989; x_wconf 83' lang='lat' dir='ltr'>sual</span> <span class='ocrx_word' id='word_1_123' title='bbox 1407 970 1463 989; x_wconf 90' lang='lat' dir='ltr'>um</span> 
     </span>
     <span class='ocr_line' id='line_1_14' title="bbox 117 1004 1464 1054; baseline 0.008 -21"><span class='ocrx_word' id='word_1_124' title='bbox 117 1005 151 1034; x_wconf 82' lang='lat' dir='ltr'>in</span> <span class='ocrx_word' id='word_1_125' title='bbox 173 1004 288 1046; x_wconf 68' lang='lat' dir='ltr'>Angli-:1</span> <span class='ocrx_word' id='word_1_126' title='bbox 315 1005 558 1045; x_wconf 85' lang='lat' dir='ltr'>constituerint,</span> <span class='ocrx_word' id='word_1_127' title='bbox 588 1007 679 1037; x_wconf 90' lang='lat' dir='ltr'>annis</span> <span class='ocrx_word' id='word_1_128' title='bbox 704 1007 852 1049; x_wconf 86' lang='lat' dir='ltr'>pluribus</span> <span class='ocrx_word' id='word_1_129' title='bbox 876 1008 919 1039; x_wconf 91' lang='lat' dir='ltr'>ibi</span> <span class='ocrx_word' id='word_1_130' title='bbox 944 1008 1178 1049; x_wconf 80' lang='lat' dir='ltr'>habitaverint,</span> <span class='ocrx_word' id='word_1_131' title='bbox 1206 1011 1464 1054; x_wconf 83' lang='lat' dir='ltr'>industriamque</span> 
     </span>
     <span class='ocr_line' id='line_1_15' title="bbox 118 1056 1462 1108; baseline 0.007 -21"><span class='ocrx_word' id='word_1_132' title='bbox 118 1056 163 1088; x_wconf 90' lang='lat' dir='ltr'>ibi</span> <span class='ocrx_word' id='word_1_133' title='bbox 182 1059 401 1097; x_wconf 77' lang='lat' dir='ltr'>exercuerint,</span> <span class='ocrx_word' id='word_1_134' title='bbox 422 1059 608 1098; x_wconf 81' lang='lat' dir='ltr'>confestim,</span> <span class='ocrx_word' id='word_1_135' title='bbox 630 1059 721 1091; x_wconf 88' lang='lat' dir='ltr'>nullo</span> <span class='ocrx_word' id='word_1_136' title='bbox 739 1066 884 1103; x_wconf 81' lang='lat' dir='ltr'>tempore</span> <span class='ocrx_word' id='word_1_137' title='bbox 905 1073 1068 1103; x_wconf 87' lang='lat' dir='ltr'>concesso,</span> <span class='ocrx_word' id='word_1_138' title='bbox 1091 1064 1257 1096; x_wconf 84' lang='lat' dir='ltr'>arbitrarie</span> <span class='ocrx_word' id='word_1_139' title='bbox 1272 1066 1462 1108; x_wconf 75' lang='lat' dir='ltr'>rapiuntur,</span> 
     </span>
     <span class='ocr_line' id='line_1_16' title="bbox 118 1111 1463 1161; baseline 0.007 -20"><span class='ocrx_word' id='word_1_140' title='bbox 118 1111 211 1141; x_wconf 88' lang='lat' dir='ltr'>domo</span> <span class='ocrx_word' id='word_1_141' title='bbox 232 1111 463 1150; x_wconf 77' lang='lat' dir='ltr'>extrahuntur,</span> <span class='ocrx_word' id='word_1_142' title='bbox 483 1112 617 1143; x_wconf 83' lang='lat' dir='ltr'>sollicite</span> <span class='ocrx_word' id='word_1_143' title='bbox 639 1114 879 1154; x_wconf 80' lang='lat' dir='ltr'>custodiuntur,</span> <span class='ocrx_word' id='word_1_144' title='bbox 899 1122 996 1159; x_wconf 83' lang='lat' dir='ltr'>atque</span> <span class='ocrx_word' id='word_1_145' title='bbox 1017 1123 1088 1159; x_wconf 87' lang='lat' dir='ltr'>post</span> <span class='ocrx_word' id='word_1_146' title='bbox 1107 1117 1302 1161; x_wconf 82' lang='lat' dir='ltr'>multiplices</span> <span class='ocrx_word' id='word_1_147' title='bbox 1318 1120 1463 1151; x_wconf 74' lang='lat' dir='ltr'>vexatio—</span> 
     </span>
     <span class='ocr_line' id='line_1_17' title="bbox 116 1163 1462 1216; baseline 0.01 -23"><span class='ocrx_word' id='word_1_148' title='bbox 116 1174 172 1194; x_wconf 89' lang='lat' dir='ltr'>nes</span> <span class='ocrx_word' id='word_1_149' title='bbox 199 1164 232 1194; x_wconf 86' lang='lat' dir='ltr'>in</span> <span class='ocrx_word' id='word_1_150' title='bbox 260 1163 351 1195; x_wconf 88' lang='lat' dir='ltr'>littus</span> <span class='ocrx_word' id='word_1_151' title='bbox 376 1164 460 1195; x_wconf 83' lang='lat' dir='ltr'>forte</span> <span class='ocrx_word' id='word_1_152' title='bbox 484 1165 633 1208; x_wconf 84' lang='lat' dir='ltr'>ignotum</span> <span class='ocrx_word' id='word_1_153' title='bbox 660 1166 870 1211; x_wconf 87' lang='lat' dir='ltr'>dejiciuntur.</span> <span class='ocrx_word' id='word_1_154' title='bbox 897 1170 1064 1203; x_wconf 82' lang='lat' dir='ltr'>Eximium</span> <span class='ocrx_word' id='word_1_155' title='bbox 1093 1178 1180 1204; x_wconf 86' lang='lat' dir='ltr'>certe</span> <span class='ocrx_word' id='word_1_156' title='bbox 1208 1174 1320 1216; x_wconf 80' lang='lat' dir='ltr'>patriae</span> <span class='ocrx_word' id='word_1_157' title='bbox 1345 1180 1462 1205; x_wconf 82' lang='lat' dir='ltr'>nostrae</span> 
     </span>
     <span class='ocr_line' id='line_1_18' title="bbox 114 1216 1461 1268; baseline 0.01 -22"><span class='ocrx_word' id='word_1_158' title='bbox 114 1216 225 1256; x_wconf 65' lang='lat' dir='ltr'>deum,</span> <span class='ocrx_word' id='word_1_159' title='bbox 248 1217 335 1260; x_wconf 88' lang='lat' dir='ltr'>quod</span> <span class='ocrx_word' id='word_1_160' title='bbox 350 1217 410 1249; x_wconf 91' lang='lat' dir='ltr'>hoc</span> <span class='ocrx_word' id='word_1_161' title='bbox 426 1225 574 1262; x_wconf 87' lang='lat' dir='ltr'>respectu</span> <span class='ocrx_word' id='word_1_162' title='bbox 590 1232 719 1264; x_wconf 86' lang='lat' dir='ltr'>quoque</span> <span class='ocrx_word' id='word_1_163' title='bbox 736 1229 866 1265; x_wconf 85' lang='lat' dir='ltr'>gentem</span> <span class='ocrx_word' id='word_1_164' title='bbox 884 1223 988 1265; x_wconf 80' lang='lat' dir='ltr'>illam,</span> <span class='ocrx_word' id='word_1_165' title='bbox 1009 1236 1082 1268; x_wconf 89' lang='lat' dir='ltr'>quae</span> <span class='ocrx_word' id='word_1_166' title='bbox 1098 1237 1130 1258; x_wconf 89' lang='lat' dir='ltr'>se</span> <span class='ocrx_word' id='word_1_167' title='bbox 1149 1226 1335 1259; x_wconf 82' lang='lat' dir='ltr'>liberalibus</span> <span class='ocrx_word' id='word_1_168' title='bbox 1350 1227 1461 1260; x_wconf 79' lang='lat' dir='ltr'>favere</span> 
     </span>
     <span class='ocr_line' id='line_1_19' title="bbox 113 1271 1003 1319; baseline 0.009 -18"><span class='ocrx_word' id='word_1_169' title='bbox 113 1271 317 1314; x_wconf 87' lang='lat' dir='ltr'>opinionibus</span> <span class='ocrx_word' id='word_1_170' title='bbox 339 1272 511 1316; x_wconf 79' lang='lat' dir='ltr'>gloriatur,</span> <span class='ocrx_word' id='word_1_171' title='bbox 532 1274 600 1317; x_wconf 87' lang='lat' dir='ltr'>ipsa</span> <span class='ocrx_word' id='word_1_172' title='bbox 622 1281 687 1306; x_wconf 87' lang='lat' dir='ltr'>tam</span> <span class='ocrx_word' id='word_1_173' title='bbox 708 1276 861 1319; x_wconf 83' lang='lat' dir='ltr'>praeclare</span> <span class='ocrx_word' id='word_1_174' title='bbox 884 1279 1003 1311; x_wconf 86' lang='lat' dir='ltr'>vincat.</span> 
     </span>
    </p>
   </div>
   <div class='ocr_carea' id='block_1_4' title="bbox 109 1369 1458 1903">
    <p class='ocr_par' dir='ltr' id='par_1_5' title="bbox 109 1369 1458 1903">
     <span class='ocr_line' id='line_1_20' title="bbox 156 1369 1458 1421; baseline 0.008 -21"><span class='ocrx_word' id='word_1_175' title='bbox 156 1369 256 1400; x_wconf 90' lang='lat' dir='ltr'><strong>XLII.</strong></span> <span class='ocrx_word' id='word_1_176' title='bbox 288 1370 411 1402; x_wconf 81' lang='lat' dir='ltr'>Praeter</span> <span class='ocrx_word' id='word_1_177' title='bbox 436 1373 662 1415; x_wconf 81' lang='lat' dir='ltr'>temporariam</span> <span class='ocrx_word' id='word_1_178' title='bbox 688 1375 904 1417; x_wconf 86' lang='lat' dir='ltr'>quorumdam</span> <span class='ocrx_word' id='word_1_179' title='bbox 930 1377 1054 1418; x_wconf 68' lang='lat' dir='ltr'>iurium</span> <span class='ocrx_word' id='word_1_180' title='bbox 1075 1377 1221 1409; x_wconf 87' lang='lat' dir='ltr'>civilium</span> <span class='ocrx_word' id='word_1_181' title='bbox 1243 1379 1458 1421; x_wconf 81' lang='lat' dir='ltr'>privationem</span> 
     </span>
     <span class='ocr_line' id='line_1_21' title="bbox 111 1424 1456 1477; baseline 0.007 -22"><span class='ocrx_word' id='word_1_182' title='bbox 111 1435 151 1456; x_wconf 82' lang='lat' dir='ltr'>ex</span> <span class='ocrx_word' id='word_1_183' title='bbox 174 1424 258 1456; x_wconf 87' lang='lat' dir='ltr'>bello</span> <span class='ocrx_word' id='word_1_184' title='bbox 281 1426 466 1467; x_wconf 83' lang='lat' dir='ltr'>oriundam,</span> <span class='ocrx_word' id='word_1_185' title='bbox 489 1439 553 1459; x_wconf 88' lang='lat' dir='ltr'>non</span> <span class='ocrx_word' id='word_1_186' title='bbox 576 1429 638 1460; x_wconf 89' lang='lat' dir='ltr'>alio</span> <span class='ocrx_word' id='word_1_187' title='bbox 665 1429 759 1461; x_wconf 89' lang='lat' dir='ltr'>modo</span> <span class='ocrx_word' id='word_1_188' title='bbox 785 1431 965 1474; x_wconf 82' lang='lat' dir='ltr'>peregrini,</span> <span class='ocrx_word' id='word_1_189' title='bbox 991 1432 1120 1474; x_wconf 90' lang='lat' dir='ltr'>proprie</span> <span class='ocrx_word' id='word_1_190' title='bbox 1142 1433 1185 1463; x_wconf 90' lang='lat' dir='ltr'>ita</span> <span class='ocrx_word' id='word_1_191' title='bbox 1210 1432 1305 1473; x_wconf 82' lang='lat' dir='ltr'>d1cti‚</span> <span class='ocrx_word' id='word_1_192' title='bbox 1330 1432 1456 1477; x_wconf 82' lang='lat' dir='ltr'>juribus</span> 
     </span>
     <span class='ocr_line' id='line_1_22' title="bbox 111 1478 1457 1531; baseline 0.007 -22"><span class='ocrx_word' id='word_1_193' title='bbox 111 1478 258 1511; x_wconf 86' lang='lat' dir='ltr'>civilibus</span> <span class='ocrx_word' id='word_1_194' title='bbox 278 1480 337 1512; x_wconf 88' lang='lat' dir='ltr'>sibi</span> <span class='ocrx_word' id='word_1_195' title='bbox 361 1481 394 1512; x_wconf 90' lang='lat' dir='ltr'>in</span> <span class='ocrx_word' id='word_1_196' title='bbox 412 1481 524 1525; x_wconf 84' lang='lat' dir='ltr'>Belgio</span> <span class='ocrx_word' id='word_1_197' title='bbox 546 1484 701 1514; x_wconf 87' lang='lat' dir='ltr'>concessis</span> <span class='ocrx_word' id='word_1_198' title='bbox 719 1484 838 1527; x_wconf 86' lang='lat' dir='ltr'>privari</span> <span class='ocrx_word' id='word_1_199' title='bbox 857 1491 1006 1528; x_wconf 83' lang='lat' dir='ltr'>possunt,</span> <span class='ocrx_word' id='word_1_200' title='bbox 1029 1496 1126 1528; x_wconf 85' lang='lat' dir='ltr'>quam</span> <span class='ocrx_word' id='word_1_201' title='bbox 1142 1488 1300 1518; x_wconf 88' lang='lat' dir='ltr'>sententia</span> <span class='ocrx_word' id='word_1_202' title='bbox 1316 1499 1333 1518; x_wconf 90' lang='lat' dir='ltr'>a</span> <span class='ocrx_word' id='word_1_203' title='bbox 1349 1487 1457 1531; x_wconf 85' lang='lat' dir='ltr'>judice</span> 
     </span>
     <span class='ocr_line' id='line_1_23' title="bbox 111 1534 1454 1583; baseline 0.007 -20"><span class='ocrx_word' id='word_1_204' title='bbox 111 1539 314 1575; x_wconf 84' lang='lat' dir='ltr'>competente</span> <span class='ocrx_word' id='word_1_205' title='bbox 335 1534 398 1566; x_wconf 67' lang='lat' dir='ltr'>lata</span> <span class='ocrx_word' id='word_1_206' title='bbox 418 1535 507 1579; x_wconf 85' lang='lat' dir='ltr'>(arg.</span> <span class='ocrx_word' id='word_1_207' title='bbox 530 1543 589 1567; x_wconf 86' lang='lat' dir='ltr'>art.</span> <span class='ocrx_word' id='word_1_208' title='bbox 611 1537 642 1568; x_wconf 84' lang='lat'>3.</span> <span class='ocrx_word' id='word_1_209' title='bbox 662 1537 697 1569; x_wconf 91' lang='lat' dir='ltr'>C.</span> <span class='ocrx_word' id='word_1_210' title='bbox 716 1538 785 1571; x_wconf 85' lang='lat' dir='ltr'><strong>Civ.</strong></span> <span class='ocrx_word' id='word_1_211' title='bbox 809 1538 860 1569; x_wconf 89' lang='lat' dir='ltr'>Cf.</span> <span class='ocrx_word' id='word_1_212' title='bbox 882 1538 936 1570; x_wconf 92' lang='lat' dir='ltr'>lib.</span> <span class='ocrx_word' id='word_1_213' title='bbox 954 1539 979 1570; x_wconf 92' lang='lat' dir='ltr'>I.</span> <span class='ocrx_word' id='word_1_214' title='bbox 1005 1551 1074 1583; x_wconf 85' lang='lat' dir='ltr'>cap.</span> <span class='ocrx_word' id='word_1_215' title='bbox 1093 1540 1123 1571; x_wconf 84' lang='lat'>3.</span> <span class='ocrx_word' id='word_1_216' title='bbox 1143 1546 1219 1572; x_wconf 89' lang='lat' dir='ltr'>sect.</span> <span class='ocrx_word' id='word_1_217' title='bbox 1237 1541 1251 1571; x_wconf 96' lang='lat' dir='ltr'><strong>I</strong></span> <span class='ocrx_word' id='word_1_218' title='bbox 1267 1547 1300 1572; x_wconf 90' lang='lat' dir='ltr'>et</span> <span class='ocrx_word' id='word_1_219' title='bbox 1314 1541 1354 1572; x_wconf 90' lang='lat' dir='ltr'>II.</span> <span class='ocrx_word' id='word_1_220' title='bbox 1377 1541 1454 1573; x_wconf 91' lang='lat' dir='ltr'>Cod.</span> 
     </span>
     <span class='ocr_line' id='line_1_24' title="bbox 109 1587 1454 1638; baseline 0.007 -21"><span class='ocrx_word' id='word_1_221' title='bbox 109 1587 257 1630; x_wconf 84' lang='lat' dir='ltr'>poenal.)</span> <span class='ocrx_word' id='word_1_222' title='bbox 286 1588 381 1631; x_wconf 79' lang='lat' dir='ltr'>Hunc</span> <span class='ocrx_word' id='word_1_223' title='bbox 410 1596 519 1622; x_wconf 86' lang='lat' dir='ltr'>autem</span> <span class='ocrx_word' id='word_1_224' title='bbox 540 1591 672 1623; x_wconf 85' lang='lat' dir='ltr'>modum</span> <span class='ocrx_word' id='word_1_225' title='bbox 698 1593 795 1624; x_wconf 87' lang='lat' dir='ltr'>etiam</span> <span class='ocrx_word' id='word_1_226' title='bbox 817 1592 856 1625; x_wconf 88' lang='lat' dir='ltr'>ad</span> <span class='ocrx_word' id='word_1_227' title='bbox 876 1599 1060 1634; x_wconf 70' lang='lat' dir='ltr'>extrane05‚</span> <span class='ocrx_word' id='word_1_228' title='bbox 1085 1594 1194 1627; x_wconf 89' lang='lat' dir='ltr'>sedem</span> <span class='ocrx_word' id='word_1_229' title='bbox 1216 1595 1251 1626; x_wconf 90' lang='lat' dir='ltr'>in</span> <span class='ocrx_word' id='word_1_230' title='bbox 1276 1595 1389 1638; x_wconf 87' lang='lat' dir='ltr'>Belgio</span> <span class='ocrx_word' id='word_1_231' title='bbox 1415 1607 1454 1628; x_wconf 82' lang='lat' dir='ltr'>ex</span> 
     </span>
     <span class='ocr_line' id='line_1_25' title="bbox 109 1642 1456 1688; baseline 0.007 -16"><span class='ocrx_word' id='word_1_232' title='bbox 109 1642 193 1684; x_wconf 86' lang='lat' dir='ltr'>regis</span> <span class='ocrx_word' id='word_1_233' title='bbox 213 1643 402 1675; x_wconf 80' lang='lat' dir='ltr'>auctoritate</span> <span class='ocrx_word' id='word_1_234' title='bbox 424 1643 594 1684; x_wconf 85' lang='lat' dir='ltr'>habentes,</span> <span class='ocrx_word' id='word_1_235' title='bbox 613 1646 776 1688; x_wconf 89' lang='lat' dir='ltr'>pertinere</span> <span class='ocrx_word' id='word_1_236' title='bbox 795 1658 861 1678; x_wconf 89' lang='lat' dir='ltr'>non</span> <span class='ocrx_word' id='word_1_237' title='bbox 876 1653 923 1679; x_wconf 85' lang='lat' dir='ltr'>est</span> <span class='ocrx_word' id='word_1_238' title='bbox 938 1647 1086 1679; x_wconf 82' lang='lat' dir='ltr'>dubium.</span> <span class='ocrx_word' id='word_1_239' title='bbox 1113 1648 1175 1680; x_wconf 89' lang='lat' dir='ltr'>Sed</span> <span class='ocrx_word' id='word_1_240' title='bbox 1196 1660 1236 1680; x_wconf 79' lang='lat' dir='ltr'>ex</span> <span class='ocrx_word' id='word_1_241' title='bbox 1253 1649 1371 1681; x_wconf 87' lang='lat' dir='ltr'>horum</span> <span class='ocrx_word' id='word_1_242' title='bbox 1387 1661 1456 1682; x_wconf 85' lang='lat' dir='ltr'>res-</span> 
     </span>
     <span class='ocr_line' id='line_1_26' title="bbox 111 1696 1455 1746; baseline 0.008 -20"><span class='ocrx_word' id='word_1_243' title='bbox 111 1701 207 1737; x_wconf 85' lang='lat' dir='ltr'>pectu</span> <span class='ocrx_word' id='word_1_244' title='bbox 236 1696 384 1739; x_wconf 87' lang='lat' dir='ltr'>quaedam</span> <span class='ocrx_word' id='word_1_245' title='bbox 411 1697 482 1742; x_wconf 87' lang='lat' dir='ltr'>jura</span> <span class='ocrx_word' id='word_1_246' title='bbox 512 1699 617 1731; x_wconf 80' lang='lat' dir='ltr'>civilia</span> <span class='ocrx_word' id='word_1_247' title='bbox 645 1702 856 1742; x_wconf 79' lang='lat' dir='ltr'>amittuntur,</span> <span class='ocrx_word' id='word_1_248' title='bbox 882 1703 908 1733; x_wconf 86' lang='lat' dir='ltr'>si</span> <span class='ocrx_word' id='word_1_249' title='bbox 934 1702 1087 1734; x_wconf 78' lang='lat' dir='ltr'>desierint</span> <span class='ocrx_word' id='word_1_250' title='bbox 1110 1704 1170 1746; x_wconf 86' lang='lat' dir='ltr'>ipsi</span> <span class='ocrx_word' id='word_1_251' title='bbox 1195 1703 1394 1737; x_wconf 87' lang='lat' dir='ltr'>domicilium</span> <span class='ocrx_word' id='word_1_252' title='bbox 1421 1706 1455 1737; x_wconf 86' lang='lat' dir='ltr'>in</span> 
     </span>
     <span class='ocr_line' id='line_1_27' title="bbox 112 1750 1453 1800; baseline 0.008 -21"><span class='ocrx_word' id='word_1_253' title='bbox 112 1759 209 1791; x_wconf 78' lang='lat' dir='ltr'>regno</span> <span class='ocrx_word' id='word_1_254' title='bbox 226 1750 344 1783; x_wconf 84' lang='lat' dir='ltr'>habele</span> <span class='ocrx_word' id='word_1_255' title='bbox 365 1751 455 1796; x_wconf 83' lang='lat' dir='ltr'>(arg.</span> <span class='ocrx_word' id='word_1_256' title='bbox 474 1759 533 1784; x_wconf 85' lang='lat' dir='ltr'>art.</span> <span class='ocrx_word' id='word_1_257' title='bbox 550 1754 602 1785; x_wconf 83' lang='lat'>13.</span> <span class='ocrx_word' id='word_1_258' title='bbox 620 1754 654 1785; x_wconf 95' lang='grc'>(3.</span> <span class='ocrx_word' id='word_1_259' title='bbox 673 1755 760 1795; x_wconf 89' lang='lat' dir='ltr'>Civ.‚</span> <span class='ocrx_word' id='word_1_260' title='bbox 774 1755 896 1787; x_wconf 88' lang='lat' dir='ltr'>verbis:</span> <span class='ocrx_word' id='word_1_261' title='bbox 917 1763 992 1788; x_wconf 81' lang='lat' dir='ltr'>tant</span> <span class='ocrx_word' id='word_1_262' title='bbox 1006 1769 1052 1799; x_wconf 70' lang='lat' dir='ltr'>qu</span> <span class='ocrx_word' id='word_1_263' title='bbox 1053 1757 1126 1800; x_wconf 64' lang='grc' dir='ltr'>ἰ’ἰ).</span> <span class='ocrx_word' id='word_1_264' title='bbox 1147 1758 1242 1797; x_wconf 89' lang='lat' dir='ltr'>Quod</span> <span class='ocrx_word' id='word_1_265' title='bbox 1258 1759 1283 1789; x_wconf 91' lang='lat' dir='ltr'>si</span> <span class='ocrx_word' id='word_1_266' title='bbox 1299 1759 1453 1800; x_wconf 78' lang='lat' dir='ltr'>fecerint,</span> 
     </span>
     <span class='ocr_line' id='line_1_28' title="bbox 112 1801 1454 1874; baseline 0.01 -42"><span class='ocrx_word' id='word_1_267' title='bbox 112 1801 151 1832; x_wconf 78' lang='lat' dir='ltr'>ad</span> <span class='ocrx_word' id='word_1_268' title='bbox 182 1805 424 1847; x_wconf 84' lang='lat' dir='ltr'>peregrinorum</span> <span class='ocrx_word' id='word_1_269' title='bbox 456 1807 564 1839; x_wconf 79' lang='lat' dir='ltr'>stiicte</span> <span class='ocrx_word' id='word_1_270' title='bbox 597 1808 756 1841; x_wconf 88' lang='lat' dir='ltr'>dictorum</span> <span class='ocrx_word' id='word_1_271' title='bbox 787 1809 917 1842; x_wconf 87' lang='lat' dir='ltr'>classem</span> <span class='ocrx_word' id='word_1_272' title='bbox 949 1810 1163 1874; x_wconf 81' lang='lat' dir='ltr'>rediguntur,</span> <span class='ocrx_word' id='word_1_273' title='bbox 1196 1811 1387 1856; x_wconf 80' lang='lat' dir='ltr'>juribusque</span> <span class='ocrx_word' id='word_1_274' title='bbox 1416 1814 1454 1845; x_wconf 80' lang='lat' dir='ltr'>iis</span> 
     </span>
     <span class='ocr_line' id='line_1_29' title="bbox 111 1857 524 1903; baseline 0.02 -19"><span class='ocrx_word' id='word_1_275' title='bbox 111 1857 263 1887; x_wconf 82' lang='lat' dir='ltr'>concessis</span> <span class='ocrx_word' id='word_1_276' title='bbox 284 1858 314 1889; x_wconf 86' lang='lat' dir='ltr'>f1</span> <span class='ocrx_word' id='word_1_277' title='bbox 318 1859 351 1890; x_wconf 88' lang='lat' dir='ltr'>ui</span> <span class='ocrx_word' id='word_1_278' title='bbox 371 1871 428 1902; x_wconf 78' lang='lat' dir='ltr'>pei</span> <span class='ocrx_word' id='word_1_279' title='bbox 430 1866 524 1903; x_wconf 87' lang='lat' dir='ltr'>gunt</span> 
     </span>
    </p>
   </div>
   <div class='ocr_carea' id='block_1_5' title="bbox 107 1942 1450 2109">
    <p class='ocr_par' dir='ltr' id='par_1_6' title="bbox 107 1942 1450 2109">
     <span class='ocr_line' id='line_1_30' title="bbox 153 1942 1450 1997; baseline 0.013 -26"><span class='ocrx_word' id='word_1_280' title='bbox 153 1942 268 1974; x_wconf 89' lang='lat' dir='ltr'><strong>XLIII.</strong></span> <span class='ocrx_word' id='word_1_281' title='bbox 300 1944 503 1989; x_wconf 86' lang='lat' dir='ltr'>Recuperant</span> <span class='ocrx_word' id='word_1_282' title='bbox 522 1955 631 1981; x_wconf 86' lang='lat' dir='ltr'>autem</span> <span class='ocrx_word' id='word_1_283' title='bbox 656 1949 727 1994; x_wconf 85' lang='lat' dir='ltr'>jura</span> <span class='ocrx_word' id='word_1_284' title='bbox 748 1962 804 1983; x_wconf 90' lang='lat' dir='ltr'>sua</span> <span class='ocrx_word' id='word_1_285' title='bbox 826 1951 932 1984; x_wconf 77' lang='lat' dir='ltr'>civilia</span> <span class='ocrx_word' id='word_1_286' title='bbox 958 1953 992 1983; x_wconf 87' lang='lat' dir='ltr'>in</span> <span class='ocrx_word' id='word_1_287' title='bbox 1014 1952 1126 1996; x_wconf 83' lang='lat' dir='ltr'>Belgio</span> <span class='ocrx_word' id='word_1_288' title='bbox 1153 1955 1316 1997; x_wconf 85' lang='lat' dir='ltr'>peregrini</span> <span class='ocrx_word' id='word_1_289' title='bbox 1342 1956 1450 1987; x_wconf 82' lang='lat' dir='ltr'>st1iete</span> 
     </span>
     <span class='ocr_line' id='line_1_31' title="bbox 108 1995 1449 2053; baseline 0.013 -28"><span class='ocrx_word' id='word_1_290' title='bbox 108 1995 152 2026; x_wconf 82' lang='lat' dir='ltr'>sic</span> <span class='ocrx_word' id='word_1_291' title='bbox 173 1996 268 2036; x_wconf 77' lang='lat' dir='ltr'>dicti,</span> <span class='ocrx_word' id='word_1_292' title='bbox 295 2001 469 2041; x_wconf 81' lang='lat' dir='ltr'>plorogatis</span> <span class='ocrx_word' id='word_1_293' title='bbox 489 2008 546 2033; x_wconf 86' lang='lat' dir='ltr'>aut</span> <span class='ocrx_word' id='word_1_294' title='bbox 572 2006 731 2037; x_wconf 84' lang='lat' dir='ltr'>renovatis</span> <span class='ocrx_word' id='word_1_295' title='bbox 758 2005 936 2038; x_wconf 83' lang='lat' dir='ltr'>foederibus</span> <span class='ocrx_word' id='word_1_296' title='bbox 959 2007 1044 2039; x_wconf 81' lang='lat' dir='ltr'>inter</span> <span class='ocrx_word' id='word_1_297' title='bbox 1067 2019 1157 2040; x_wconf 84' lang='lat' dir='ltr'>suam</span> <span class='ocrx_word' id='word_1_298' title='bbox 1184 2015 1282 2053; x_wconf 87' lang='lat' dir='ltr'>atque</span> <span class='ocrx_word' id='word_1_299' title='bbox 1310 2017 1449 2041; x_wconf 86' lang='lat' dir='ltr'>nostram</span> 
     </span>
     <span class='ocr_line' id='line_1_32' title="bbox 107 2052 1449 2109; baseline 0.012 -29"><span class='ocrx_word' id='word_1_300' title='bbox 107 2056 236 2093; x_wconf 85' lang='lat' dir='ltr'>gentem</span> <span class='ocrx_word' id='word_1_301' title='bbox 264 2052 425 2095; x_wconf 82' lang='lat' dir='ltr'>quondam</span> <span class='ocrx_word' id='word_1_302' title='bbox 448 2055 550 2097; x_wconf 67' lang='lat' dir='ltr'>inuis,</span> <span class='ocrx_word' id='word_1_303' title='bbox 577 2059 851 2101; x_wconf 81' lang='lat' dir='ltr'>quemadmodum</span> <span class='ocrx_word' id='word_1_304' title='bbox 871 2073 905 2093; x_wconf 90' lang='lat' dir='ltr'>n.</span> <span class='ocrx_word' id='word_1_305' title='bbox 930 2061 989 2093; x_wconf 89' lang='lat' dir='ltr'>XL</span> <span class='ocrx_word' id='word_1_306' title='bbox 1009 2063 1208 2106; x_wconf 77' lang='lat' dir='ltr'>notavimus3</span> <span class='ocrx_word' id='word_1_307' title='bbox 1235 2064 1353 2096; x_wconf 88' lang='lat' dir='ltr'>deinde</span> <span class='ocrx_word' id='word_1_308' title='bbox 1377 2064 1449 2109; x_wconf 82' lang='lat' dir='ltr'>juia</span> 
     </span>
    </p>
   </div>
  </div>
 </body>
</html>
