1747 2620
716 269 828 311 (51)

101 342 235 375 vulnera
260 343 294 374 in
316 343 417 375 varias
443 348 548 386 partes
569 341 745 386 infligimus
766 349 798 374 et
821 343 943 375 exitum
966 344 1098 377 istarum
1127 345 1293 379 laesionum
1319 359 1438 392 expec-

100 403 221 437 tamus3
246 403 278 428 at
298 398 383 428 enim
407 408 481 429 vero
502 397 615 428 incerti
630 408 756 440 semper
776 409 887 429 sumus
908 410 1081 442 quamnam
1100 406 1223 442 partem
1245 400 1439 435 vulnerave-

100 452 216 490 rimus,
237 451 297 481 nisi
319 450 448 482 accedat
468 451 610 494 autopsia
630 451 808 491 cadaveris3
832 460 985 494 praeterea
1006 455 1031 484 si
1051 460 1122 497 post
1139 454 1259 486 vulnus
1279 455 1438 488 inflictum

100 504 292 536 animalibus
313 504 557 535 medicationem
583 505 744 548 applicare
769 506 955 547 studemus,
987 509 1041 539 vix
1062 520 1194 551 scopum
1220 515 1365 541 nostrum
1389 516 1440 542 at—

100 559 271 602 tingimus,
294 569 368 589 nam
391 559 416 589 si
437 558 495 590 sibi
511 559 758 602 relinquuntur,
783 567 913 604 propter
930 562 1160 595 indocilitatem
1179 569 1211 595 et
1233 565 1439 607 agitationem

100 613 309 656 doloremque
339 619 497 654 currunt,
523 620 623 645 semet
657 621 872 658 contorquent
897 627 1027 660 quoque
1052 629 1176 658 versus,
1204 619 1237 649 in
1269 625 1440 662 apparatus

99 667 273 710 applicatos
293 668 449 707 saeviunt,
482 668 539 699 hos
560 668 721 708 avellunt,
742 668 932 708 dilacerant,
957 670 1144 711 destruunt,
1167 677 1199 703 et
1217 672 1286 704 fere
1314 685 1440 717 semper

98 726 251 764 pereunt.
286 720 380 751 Hisce
406 721 440 751 in
464 721 600 752 casubus
621 722 794 753 certissime
815 722 1040 754 difficillimum
1073 731 1154 756 esset
1184 725 1332 758 decidere
1358 739 1439 759 num

98 785 210 806 revera
225 785 264 805 ex
278 774 414 807 vulnere
430 775 600 817 perierint,
617 781 650 806 et
670 787 750 807 num
765 776 861 807 homo
875 776 933 808 sub
948 777 1044 808 simili
1061 778 1213 819 vulnere,
1227 780 1281 811 sed
1297 782 1350 812 cui
1366 788 1439 825 apta

101 829 224 860 curatio
246 828 403 872 applicata
432 829 546 860 fuisset
575 840 635 860 nec
666 829 810 871 turbata,
838 831 933 862 etiam
957 831 1093 864 obiisset.
1126 833 1257 866 Homini
1285 842 1441 878 praeterea
1452 828 1455 838 i

99 882 332 914 medicamenta
352 882 581 925 propinantur,
601 894 672 926 quae
687 884 842 915 sanationi
860 884 1011 927 opitulari
1030 886 1205 930 favereque
1226 896 1376 931 possunt,
1394 897 1440 921 ast

98 943 207 968 autem
230 936 293 967 tale
314 936 391 979 quid
413 948 488 967 cum
510 936 724 968 animantibus
745 948 786 968 ne
807 938 945 980 cogitare
966 939 1097 982 quidem
1119 953 1308 984 possumus3
1336 944 1441 987 quod-

100 1001 241 1033 cumque
264 991 351 1020 enim
367 991 545 1032 ingestum,
562 996 595 1022 et
615 992 790 1034 praesertim
814 993 996 1036 ingratum,
1018 1001 1151 1038 negant,
1170 997 1257 1040 quod
1278 998 1302 1028 si
1323 999 1355 1030 vi
1372 1001 1440 1030 uti-

100 1056 175 1075 mur
196 1043 235 1074 ad
259 1043 313 1074 illa
336 1043 529 1086 ingerenda,
554 1050 679 1076 tantum
705 1045 793 1076 abest
817 1052 852 1077 ut
876 1047 946 1078 haec
967 1054 1046 1080 tunc
1067 1051 1206 1092 prosint,
1229 1057 1267 1082 ut
1290 1062 1308 1083 e
1330 1058 1439 1084 contra

100 1097 250 1130 violentia
272 1097 336 1140 qua
357 1099 481 1128 utimur
504 1103 601 1129 totam
621 1099 764 1141 ipsorum
782 1101 992 1132 oeconomiam
1014 1103 1047 1133 in
1065 1103 1212 1146 ingentes
1232 1104 1341 1135 turbas
1362 1117 1441 1137 con—

99 1150 205 1195 jiciat,
242 1156 274 1181 et
300 1151 442 1193 ipsorum
474 1151 602 1183 lethum
634 1154 753 1184 certius
780 1153 948 1196 producat.
987 1155 1072 1199 Ergo
1100 1168 1166 1188 non
1191 1157 1355 1199 multum,
1387 1170 1440 1191 me

99 1204 223 1248 judice,
244 1205 474 1247 experimentis
493 1205 652 1237 confidere
667 1207 701 1237 in
722 1206 821 1238 hacce
838 1208 1076 1241 circumstantia
1104 1222 1287 1253 possumus:
1312 1220 1441 1256 praestat

98 1258 229 1289 omnino
249 1269 288 1289 ex
309 1259 504 1301 optimorum
527 1259 561 1290 in
582 1270 617 1290 re
636 1259 818 1301 chirurgica
844 1261 988 1293 virorum
1010 1262 1283 1297 observationibus
1304 1267 1440 1298 conclu-

99 1312 201 1344 siones
222 1323 347 1344 eruere.
374 1312 429 1343 His
449 1313 483 1343 in
504 1312 603 1344 hacce
622 1312 841 1344 dissertatione
862 1325 958 1357 quam
981 1317 1120 1348 maxime
1141 1329 1218 1350 usus
1239 1330 1327 1360 sum,
1351 1320 1440 1352 illas-

98 1378 162 1410 que
182 1367 411 1410 experimentis
431 1367 615 1410 anteposui,
635 1367 782 1409 quamvis
801 1367 870 1399 haec
887 1380 952 1400 non
969 1371 1100 1402 omnino
1120 1374 1316 1416 respuerim:
1335 1386 1438 1418 pauca

97 1421 242 1462 institui,
268 1420 322 1452 sed
341 1420 434 1464 plura
457 1432 498 1452 ex
519 1421 704 1454 auctoribus
728 1422 822 1454 variis
843 1430 993 1467 excerpta
1015 1426 1123 1458 retuli.

552 1767 973 1791 -ξοῷυρ-
