1747 2620
904 277 1020 319 (22)

315 364 467 396 mumque
488 352 623 391 censeri3
651 357 759 383 utrum
778 349 875 388 illud,
902 348 986 391 quod
1011 359 1027 378 a
1051 348 1083 379 vi
1103 347 1316 386 solummodo,
1341 358 1381 378 an
1405 347 1482 386 hoc,
1503 340 1588 389 quod
1606 359 1623 379 a

316 406 523 439 conventione
539 405 691 447 originem
709 401 835 433 trahat?
851 400 946 432 Unde
967 411 1041 432 vero
1061 400 1214 442 principia
1235 400 1274 431 ad
1292 399 1500 438 dirimendam
1520 410 1624 442 quaes-

316 461 432 490 tionem
460 458 570 489 idonea
595 455 699 499 petis?
731 471 774 479 —-·
803 455 850 484 Ex
874 454 1013 484 historiae
1041 453 1263 485 documentis?
1285 471 1328 478 —
1352 453 1475 484 Verum
1496 453 1624 484 historia

315 511 534 544 tantummodo
548 510 654 549 docet,
668 508 744 551 quid
759 508 880 538 factum
893 507 948 545 sit3
963 517 1022 537 nec
1034 512 1155 545 autem,
1172 506 1249 548 quid
1264 507 1332 537 fieri
1346 512 1503 548 oporteat,
1520 516 1624 548 neque

315 564 391 607 quid
412 564 546 607 justum,
567 561 644 604 quid
664 560 818 604 injustum
839 559 950 591 debeat
970 559 1089 590 haberi.
1112 559 1242 590 Minime
1262 570 1336 591 vero
1356 560 1389 589 in
1410 558 1480 602 jure
1498 558 1624 601 publico

315 618 501 659 quaerimuS‚
524 627 593 658 quae
618 615 718 646 fuerit
738 613 862 656 imperii
887 614 921 643 in
949 612 1078 644 diversis
1107 611 1285 643 civitatibus
1309 612 1455 642 historica
1484 612 1570 653 origo
1593 616 1626 641 et

315 681 426 709 causa,
452 668 506 700 sed
531 668 569 699 de
594 679 631 698 eo
657 667 780 698 solliciti
806 677 936 704 sumus,
964 677 1026 707 quo
1049 664 1276 703 fundamento,
1307 663 1481 695 secundum
1508 669 1624 694 aeterna

316 723 443 752 rationis
463 721 602 759 decreta,
623 730 783 750 summum
809 719 841 748 in
861 717 1022 760 republica
1047 718 1217 759 imperium
1238 716 1349 748 debeat
1373 721 1626 758 superstructum

317 774 467 816 cogitari,
493 779 530 804 ut
554 772 672 816 justum
695 771 937 813 legitimumque
957 770 1119 802 habeatur.
1150 770 1254 800 Omne
1276 770 1374 812 igitur
1397 769 1568 811 imperium
1592 769 1626 798 in

318 828 444 858 civitate
464 825 685 863 constitutum,
703 834 901 865 quaecunque
918 824 1017 865 prima
1034 822 1101 866 ejus
1119 823 1207 853 initia
1228 823 1365 860 fuerint,
1385 821 1494 864 populi
1511 820 1627 853 volun-

318 886 381 910 tate
403 877 565 909 conditum
585 883 617 907 et
634 877 802 917 imperanti
827 875 997 913 tributum,
1017 875 1147 918 jubente
1166 875 1301 913 ratione,
1322 875 1442 905 censeri
1464 873 1573 913 debet,
1590 879 1628 904 ut

317 931 398 973 justa
425 930 550 960 exsistat
574 939 682 965 causa,
705 938 742 957 ex
765 937 827 968 qua
852 932 963 956 mutua
985 928 1168 968 imperantis
1187 928 1370 969 civiumque
1390 926 1459 969 jura
1480 932 1512 956 et
1529 925 1627 956 ossicia

318 982 452 1013 derivari
477 980 604 1022 possint.
633 978 712 1010 Nam
736 977 857 1008 sublato
883 978 1001 1009 civium
1025 989 1194 1017 consensu,
1226 979 1353 1009 nullum
1383 979 1444 1008 erit
1473 988 1628 1019 supremae

318 1034 490 1077 potestatiS‚
513 1032 697 1076 juriumque
720 1037 752 1061 et
775 1030 967 1070 officiorum,
991 1031 1106 1072 quibus
1126 1030 1287 1072 Principes
1307 1035 1338 1059 et
1359 1029 1476 1060 subditi
1496 1030 1579 1059 inter
1597 1039 1629 1059 se

318 1088 472 1129 ligentur,
497 1084 756 1122 fundamentum,
781 1094 876 1125 quam
899 1083 945 1114 vis
968 1082 1031 1112 sola
1054 1088 1086 1113 et
1109 1093 1184 1113 una.
1213 1099 1256 1106 ——-
1284 1081 1406 1112 Deinde
1432 1092 1504 1113 vero
1526 1082 1630 1123 impe-

319 1141 420 1178 rium,
439 1139 513 1169 licet
533 1138 562 1170 vi
582 1143 613 1168 et
630 1136 770 1178 potentia
790 1136 935 1178 primitus
955 1135 1178 1174 constitutum,
1195 1134 1343 1176 temporis
1358 1139 1463 1164 tamen
1477 1133 1629 1172 decursu,

319 1192 528 1234 subsequente
554 1190 670 1222 civium
701 1200 854 1220 consensu
880 1195 913 1219 et
937 1188 1180 1231 approbatione,
1212 1193 1315 1230 potest
1344 1187 1381 1218 ad
1415 1187 1630 1219 conventionis

319 1255 462 1275 normam
489 1242 646 1281 revocari,
676 1247 708 1272 et
730 1240 850 1284 justum
876 1242 1004 1271 omnino
1026 1240 1269 1282 legitimumque
1291 1239 1435 1272 evadere.
1465 1240 1569 1281 Atque
1595 1249 1631 1269 ea

320 1304 366 1329 est
387 1303 502 1328 aeterna
525 1296 652 1326 rationis
675 1294 748 1333 lex,
770 1293 952 1324 hominibus
975 1293 1008 1323 in
1028 1293 1154 1323 civitate
1177 1291 1353 1336 conjunctis
1371 1292 1569 1334 praescripta,
1595 1297 1632 1322 ut

319 1351 509 1392 imperantes
516 1371 525 1387 ,
546 1357 737 1390 quocunque
759 1345 851 1377 modo
871 1345 993 1376 summa
1014 1351 1166 1387 potestate
1186 1345 1294 1387 potiti,
1314 1345 1472 1376 civitatem
1488 1355 1631 1382 omnem,

321 1409 353 1433 et
368 1401 489 1444 singula
511 1411 645 1443 quaeque
660 1400 802 1430 instituta
824 1398 862 1429 ad
882 1400 975 1429 finem
996 1398 1064 1441 ejus
1086 1398 1336 1437 accommodata,
1354 1398 1511 1440 sapienter
1531 1397 1633 1428 admi-

320 1456 454 1485 nistrent
479 1460 510 1484 et
535 1458 702 1493 tueantur,
728 1451 880 1494 augendae
905 1451 1108 1494 perfectionis
1128 1457 1160 1482 et
1180 1451 1337 1482 felicitatis
1359 1450 1494 1481 subsidia
1516 1450 1633 1492 populo

321 1506 500 1549 praebeant,
522 1505 746 1548 impedimenta
766 1510 872 1536 autem
895 1510 1091 1542 removeant,
1115 1504 1215 1546 eaque
1239 1505 1273 1534 in
1293 1514 1327 1534 re
1352 1504 1471 1537 civium
1490 1509 1561 1534 vota
1584 1513 1634 1533 se—

323 1565 479 1602 quantur;
502 1565 539 1590 ut
559 1570 632 1591 vero
649 1558 766 1590 subditi
787 1557 937 1596 consiliis,
960 1556 1145 1599 prudentia,
1164 1566 1287 1595 amore,
1307 1561 1340 1586 et
1357 1555 1455 1586 libero
1474 1566 1548 1594 suo,
1570 1566 1635 1586 non

324 1612 429 1644 servili
450 1611 611 1654 obsequio,
635 1612 842 1654 imperantem
865 1610 989 1653 juvent,
1011 1615 1044 1640 et
1062 1609 1262 1641 veneratione
1282 1619 1356 1639 eum
1376 1609 1418 1639 ita
1440 1619 1635 1651 prosequan-

326 1672 393 1704 tur,
416 1671 453 1696 ut
471 1665 570 1696 civilis
590 1665 665 1696 ordo
685 1664 804 1695 turbari
825 1675 990 1706 nunquam
1012 1663 1122 1705 possit:
1145 1667 1240 1703 atque
1261 1661 1320 1692 hac
1337 1661 1457 1691 ratione
1475 1661 1633 1699 civitates,

326 1717 609 1760 quomodocunque
634 1717 709 1748 olim
732 1717 881 1756 conditae,
913 1728 950 1748 eo
970 1721 1147 1747 constanter
1169 1715 1315 1754 tendant,
1342 1720 1379 1745 ut
1399 1720 1530 1745 mutuus
1553 1714 1636 1745 inter

326 1771 534 1812 imperantem
549 1771 695 1812 civesque
706 1781 873 1802 consensus
883 1777 915 1802 et
929 1771 1016 1813 quasi
1028 1769 1133 1800 foedus
1144 1768 1287 1807 exsistat,
1299 1772 1469 1809 sancteque
1481 1772 1634 1798 servetur.

371 1822 491 1861 Quodsi
511 1833 584 1855 vero
609 1823 844 1863 contendimus,
865 1824 1035 1866 imperium
1057 1822 1219 1853 communi
1242 1821 1360 1854 civium
1388 1830 1556 1858 consensu,
1581 1829 1638 1851 seu

329 1876 556 1915 conventione,
587 1876 761 1907 secundum
790 1878 916 1908 rationis
941 1882 1117 1919 praecepta,
1148 1874 1262 1906 debere
1290 1873 1461 1904 fundatum
1492 1872 1635 1914 cogitari,

330 1928 463 1960 caveatis
482 1933 602 1968 tamen,
624 1940 742 1971 quaeso,
766 1930 803 1960 A.
827 1930 883 1968 H.,
906 1940 946 1960 ne
965 1931 1008 1961 ita
1027 1928 1208 1971 intelligatis
1231 1927 1313 1957 hanc
1331 1925 1535 1964 sententiam,
1557 1935 1593 1955 ac
1612 1924 1638 1953 si

330 1987 499 2020 statuatur,
523 1983 718 2024 originarie,
742 1983 806 2016 sive
826 1983 864 2014 ab
885 1984 950 2026 ipso
972 1982 1105 2015 civitatis
1124 1981 1230 2020 initio,
1253 1990 1433 2022 supremam
1453 1982 1638 2020 potestatem

331 2033 441 2077 populi
459 2045 540 2074 esse,
556 2034 594 2065 ab
613 2046 712 2078 eoque
730 2042 836 2079 postea
853 2036 983 2068 demum
998 2034 1205 2068 conventione
1223 2033 1257 2064 in
1272 2032 1452 2074 Principem
1471 2029 1520 2063 vel
1540 2029 1639 2059 Sena-
