1747 2620
710 264 822 307 (35)

99 341 203 381 dotes;
225 341 342 372 iterum
357 338 574 372 nutrientibus
592 336 734 381 partibus
756 341 924 376 oneratur,
942 337 978 368 fit
997 335 1096 379 igitur
1111 337 1289 368 arteriosus.
1318 338 1427 371 Gene-

99 395 165 426 rale
188 401 342 438 praeterea
367 400 500 437 systema
526 392 674 436 capillare
697 392 850 424 remotius
873 402 891 421 a
917 390 1031 430 corde,
1066 396 1164 432 atque
1192 393 1354 423 extensius
1381 399 1428 424 est

98 460 196 491 quarn
217 447 416 491 pulmonale,
439 448 483 478 ita
504 452 541 478 ut
562 446 688 488 sanguis
711 446 767 487 qui
787 445 876 487 prius
894 450 1030 487 systema
1051 445 1207 487 attingere
1233 444 1327 476 debet
1347 446 1428 477 vali-

99 501 179 533 diori
198 507 288 533 motu
305 507 400 543 eget,·
412 511 509 543 quam
525 500 655 542 quidem
674 498 728 530 ille
744 499 799 540 qui
815 498 854 529 ad
868 498 1024 540 posterius
1039 497 1184 541 pellitur3
1206 504 1238 529 et
1256 498 1335 530 illud
1353 500 1429 542 qui-

99 555 173 586 dem
197 566 236 587 ex
256 555 355 597 ipsius
376 554 478 584 cordis
500 553 660 586 structura
684 558 831 595 apparet,
859 551 1057 584 ventriculus
1081 562 1199 594 nempe
1221 552 1346 583 sinister
1372 554 1429 595 qui

98 608 284 650 sanguinem
306 618 364 649 per
385 613 488 638 totum
504 618 618 650 corpus
640 605 818 648 propellere
837 605 930 636 debet
949 605 1050 636 multo
1075 611 1122 636 est
1148 606 1277 637 crassior
1299 605 1427 645 dextro,

100 661 155 703 qui
176 660 269 691 illum
289 659 415 691 laticem
434 661 469 690 in
493 659 700 702 pulmonibus
722 659 944 689 tantummodo
969 659 1068 694 ducit.

146 715 343 745 Pertractato
359 714 462 745 cordis
481 725 544 745 usu
560 713 681 755 aliquid
697 713 871 743 necessario
892 711 931 742 de
952 711 1109 754 majorum
1126 712 1276 743 Thoracis
1298 719 1430 745 trunco—

99 779 172 799 rum
191 768 358 798 functione
373 766 510 810 adjicere
532 766 699 797 debemus:
723 777 811 797 venae
828 776 911 797 cavae
928 765 975 795 uti
991 764 1119 809 jamjam
1141 766 1280 797 diximus
1298 769 1430 808 sangui-

97 831 172 851 nem
189 820 227 851 ab
242 819 389 851 omnibus
406 820 501 850 totius
517 819 700 849 oeconomiae
717 818 860 860 partibus
876 818 1027 850 reducem
1045 818 1216 862 colligunt,
1232 826 1329 862 atque
1342 820 1429 851 cordi

99 873 292 904 infundunt:
309 873 453 915 superior
468 872 588 903 scilicet
603 873 637 903 in
652 883 718 903 sese
733 883 859 903 omnem
876 873 1065 915 sanguinem
1086 885 1102 904 a
1122 874 1239 916 capite⁷
1255 880 1383 916 pectore
1397 880 1430 905 et

99 926 251 958 membris
268 926 484 969 superioribus
499 927 629 969 recipit3
645 926 778 957 inferior
797 932 904 957 autem
922 938 939 957 a
959 926 1062 969 pelvi,
1086 926 1255 958 abdomine
1279 927 1431 959 artubus-

99 991 163 1022 que
190 979 414 1022 posterioribus
441 979 535 1010 illum
567 979 772 1011 recollectum
796 980 929 1021 accipit:
957 991 1038 1011 vena
1063 980 1169 1012 adhuc
1198 980 1257 1011 alia
1283 987 1329 1012 est
1357 992 1430 1024 quae

100 1039 230 1076 propter
250 1045 340 1064 suam
357 1033 556 1064 functionem
574 1039 713 1064 nostram
732 1033 894 1075 praecipue
909 1034 1118 1064 attentionem
1138 1039 1297 1072 meretur,
1319 1045 1430 1076 azyges

98 1096 232 1128 nempe:
268 1086 336 1116 haec
365 1085 495 1127 quidem
527 1086 696 1116 maximam
732 1087 829 1116 totius
859 1087 1036 1128 systematis
1068 1088 1177 1117 venosi
1208 1088 1430 1118 anastomosim

99 1140 236 1179 format,
264 1145 359 1181 atque
386 1140 471 1169 inter
493 1138 584 1169 binas
607 1149 702 1170 venas
728 1150 819 1171 cavas
851 1139 1174 1170 communicationem
1199 1140 1301 1178 sistit3
1332 1140 1431 1181 ipsius

97 1192 217 1224 utilitas
234 1203 307 1223 mox
324 1197 471 1234 apparet,
489 1192 514 1222 si
530 1191 650 1223 scilicet
666 1191 949 1223 animadvertimus
964 1192 1064 1234 hepar
1081 1191 1251 1234 aliquando
1268 1192 1322 1223 tali
1338 1192 1430 1223 modo

97 1256 212 1278 venam
225 1256 334 1278 cavam
347 1245 532 1276 inferiorem
546 1246 756 1287 comprimere
765 1256 869 1287 posse,
880 1251 918 1275 ut
928 1245 1091 1287 sanguinis
1104 1256 1211 1276 versus
1222 1256 1275 1276 cor
1286 1246 1429 1277 refluxus

97 1299 227 1331 omnino
252 1298 483 1340 impediretur,
511 1303 558 1328 ast
578 1298 664 1327 enim
685 1297 960 1339 providentissima
984 1303 1098 1328 natura
1124 1308 1165 1328 ne
1186 1298 1276 1329 istius
1297 1299 1430 1340 quidem

99 1352 194 1384 oblita
213 1352 278 1383 fuit
297 1350 507 1390 incommodi,
522 1356 554 1381 et
572 1356 609 1381 ut
627 1350 704 1380 huic
719 1349 884 1382 obveniret
902 1349 1065 1381 insolitum
1081 1349 1229 1392 quidem,
1248 1350 1303 1381 sed
1321 1357 1429 1384 tamen

97 1416 246 1437 securum
268 1405 416 1447 sanguini
435 1404 495 1435 iter
512 1415 569 1446 per
588 1414 701 1436 venam
717 1414 828 1445 azygos
842 1404 1010 1442 concessit3
1027 1403 1106 1445 quin
1121 1404 1200 1442 imo,
1220 1409 1257 1435 ut
1275 1415 1312 1435 eo
1329 1406 1429 1436 tutius

97 1470 218 1492 novum
240 1458 321 1489 illud
354 1458 415 1488 iter
439 1458 530 1495 fieret
554 1463 586 1488 et
610 1467 651 1487 ne
678 1457 772 1487 unica
805 1456 1007 1499 superaddita
1050 1468 1128 1489 vena
1156 1468 1221 1487 non
1246 1456 1426 1497 sufficeret,

99 1512 213 1542 sociam
233 1511 311 1542 huic
331 1510 434 1551 dedit,
456 1521 571 1542 venam
588 1510 709 1541 scilicet
729 1510 948 1552 semi-azygos.
974 1509 1007 1540 Si
1023 1509 1139 1552 hepate
1156 1521 1331 1552 compressa
1348 1517 1429 1541 esset

99 1576 180 1598 vena
199 1576 273 1596 cava
288 1564 438 1604 inferior,
459 1564 623 1595 circulatio
641 1564 804 1607 sanguinis
824 1565 932 1596 venosi
952 1566 1050 1606 partis
1065 1565 1249 1595 oeconomiae
1269 1564 1429 1595 inferioris

98 1618 230 1649 summis
255 1628 312 1659 pro
336 1616 442 1648 reditu
464 1628 520 1648 suo
546 1617 583 1648 ad
609 1618 725 1649 atrium
752 1617 853 1648 cordis
879 1617 1029 1648 dextrum
1059 1622 1260 1659 premeretur
1289 1616 1429 1648 difficul-

99 1670 226 1702 tatibus.
268 1669 437 1701 Ordinario
469 1681 548 1702 vena
579 1682 689 1714 azygos
724 1672 825 1703 oritur
854 1670 894 1702 ab
923 1670 1053 1702 exordio
1083 1671 1190 1702 trunci
1224 1681 1312 1703 venae
1342 1682 1428 1702 cavae

101 1723 315 1763 ascendentis,
350 1729 383 1754 et
409 1724 453 1754 sic
483 1723 522 1754 ab
550 1724 697 1756 omnihus
727 1723 870 1767 partibus
898 1735 996 1755 ruens
1023 1724 1152 1766 sanguis
1176 1734 1233 1766 per
1258 1735 1368 1766 azygos
1394 1724 1428 1755 in

103 1788 213 1808 venam
247 1789 356 1810 cavam
391 1778 588 1820 superiorem
620 1784 653 1809 et
677 1778 753 1809 inde
784 1779 818 1809 in
846 1777 1024 1809 auriculam
1053 1777 1198 1808 dextram
1229 1777 1426 1808 infunditur.

103 1829 163 1860 Cor
190 1831 375 1872 sanguinem
400 1841 553 1862 venosum
578 1831 732 1874 relinquit
754 1837 841 1862 trans
872 1831 1020 1862 arteriam
1048 1829 1265 1873 pulmonalem
1291 1830 1324 1860 in
1351 1830 1428 1873 pul-

102 1893 235 1914 monum
254 1889 418 1925 systemate
438 1884 579 1927 capillari
603 1885 811 1928 propulsum:
837 1896 914 1917 usus
936 1895 1092 1917 venarum
1112 1882 1348 1925 pulmonalium
1372 1883 1427 1915 ille

101 1935 231 1978 quidem
261 1941 308 1965 est
335 1942 371 1967 ut
396 1939 584 1980 sanguinem
614 1950 654 1970 ex
685 1938 892 1981 pulmonibus
925 1937 1095 1968 collectum
1121 1936 1208 1967 cordi
1234 1936 1422 1968 tranferant.

101 1990 196 2020 Aorta
217 1988 356 2031 denique
372 1990 467 2021 tubus
482 1997 527 2022 est
541 1991 668 2023 laticem
685 1991 813 2024 vitalem
838 1991 894 2021 toti
915 1990 1099 2021 oeconomiae
1118 1989 1326 2029 distribuens3
1350 2000 1424 2020 mox

102 2048 140 2075 ut
160 2048 234 2074 nata
258 2047 306 2073 est
327 2042 428 2083 cordi,
451 2054 522 2086 quae
546 2044 628 2077 illud
648 2045 809 2085 nutriant,
837 2044 966 2075 arterias
988 2043 1103 2085 mittit,
1132 2054 1270 2087 moxque
1292 2044 1325 2074 in
1347 2054 1423 2074 cur-
