1747 2620
642 239 816 319 >(105)

82 351 170 383 lento
190 356 223 383 et
242 351 357 383 sensim
383 350 603 394 paulatimque
624 349 789 381 accedenti
808 350 895 381 letho
917 350 1040 390 obedit,
1064 363 1138 382 nam
1161 354 1289 395 sanguis
1313 354 1418 385 adhuc

82 416 141 449 per
169 405 258 436 binas
289 405 462 436 carotideas
486 405 616 436 arterias
647 405 742 447 capiti
775 404 941 445 adfertur,
975 412 1007 436 et
1034 412 1111 437 tunc
1138 406 1267 438 demum
1296 407 1419 447 delicit,

83 469 202 502 quum,
225 464 295 501 post
316 459 476 502 quoddam
494 459 643 501 temporis
664 459 819 501 spatium,
839 470 878 490 ex
895 459 1065 491 subclaviae
1084 460 1174 492 hiatu
1197 467 1299 500 totus,
1318 473 1421 504 quan-

82 518 134 545 tus
153 513 187 544 in
210 524 342 555 corpore
363 513 484 552 existit,
511 512 680 544 effluxerit.
711 513 799 551 Quid
826 513 864 545 de
890 514 1004 545 arteria
1032 514 1209 557 pulmonali
1231 514 1342 558 judicii
1371 516 1421 547 fe-

81 566 221 598 rendum
248 565 319 597 est?
344 565 449 609 Hujus
474 567 569 597 etiam
596 567 729 606 vulnera
752 567 840 599 letho
862 568 950 599 haud
970 569 1147 600 amovendo
1170 570 1345 612 stipantur3
1367 570 1423 602 sed

81 620 164 652 illud
189 631 278 651 nuuc
299 619 420 651 tardius
445 632 533 652 nunc
556 621 649 652 citius
674 621 804 660 accidit3
832 633 905 652 nam
926 622 951 652 si
973 622 1059 665 larga
1083 623 1176 665 plaga
1198 624 1232 654 in
1258 624 1293 654 ea
1315 630 1420 666 parte,

81 673 139 706 uhi
153 684 194 705 ex
209 673 390 705 ventriculo
410 673 522 705 dextro
536 675 686 717 emergit,
703 674 878 717 trajicitur,
896 675 1035 707 fulmine
1051 678 1140 719 quasi
1157 678 1322 720 perculsus
1338 679 1422 721 perit

81 727 295 770 organismus3
324 727 427 758 omnis
448 728 535 758 enim
562 728 719 777 protinus¹
730 729 978 760 communicatio
1006 741 1059 760 cor
1087 731 1171 761 inter
1197 737 1229 761 et
1253 732 1421 774 pulmones

81 781 297 824 intercipitur.
322 781 397 812 Haec
419 787 527 812 autem
547 792 612 812 non
633 787 697 812 tam
713 782 775 812 cito
795 782 986 822 destruitur,
1006 784 1030 814 si
1047 790 1116 826 post
1136 783 1278 828 ejusdem
1298 786 1421 818 arteriae

81 834 347 873 bifurcationem,
382 833 462 865 alter
491 845 654 866 ramorum
686 833 754 878 ejus
783 835 980 877 perforatur,
1012 839 1141 880 sanguis
1170 839 1255 869 enim
1285 850 1421 871 venosus

81 894 169 919 trans
193 887 329 918 illaesum
351 898 405 920 vas
429 887 469 919 ad
490 888 539 919 sui
569 887 677 919 lateris
700 888 889 931 pulmonem
910 891 1016 922 adhuc
1036 903 1185 935 pergere,
1212 894 1243 923 in
1266 893 1321 924 illo
1347 895 1420 925 ae're

81 939 346 985 athmosphaerico
368 941 540 973 refocillari
562 948 595 973 et
616 944 713 975 vitam
735 943 965 987 aliquantisper
986 946 1143 977 sustinere
1166 946 1268 978 valet:
1293 947 1421 979 lethum

80 996 209 1027 lentiori
221 996 328 1027 adhuc
342 1007 437 1039 passu
453 995 674 1039 progreditur,
692 997 718 1027 si
737 1008 824 1028 unus
846 997 968 1032 aliusve
986 999 1209 1032 subdivisionis
1228 1012 1328 1044 prope
1343 1002 1421 1044 pul-

80 1061 191 1082 mones
211 1062 320 1082 ramus
340 1051 533 1094 percutitur.

125 1104 214 1143 Quid
229 1104 269 1135 de
285 1103 443 1147 majorum
459 1110 648 1136 truncorum
665 1116 856 1137 venosorum
873 1106 1062 1138 vulneribus
1077 1107 1204 1138 dicam?
1219 1107 1275 1138 Illa
1292 1119 1421 1151 quoque

80 1158 228 1190 omnibus
258 1158 503 1190 assentientibus
538 1159 746 1202 scriptoribus
774 1171 815 1191 ex
845 1160 1031 1191 necessitate
1063 1160 1193 1192 lethalia
1230 1161 1420 1193 declaranda

79 1218 156 1244 sunt
175 1212 233 1255 (1).
259 1212 404 1244 Vulnera
425 1213 513 1243 enim
536 1224 693 1245 venarum
715 1225 867 1245 cavarum
891 1225 1017 1256 semper
1038 1220 1070 1244 et
1091 1214 1300 1246 essentialiter
1322 1216 1420 1247 finem

78 1267 256 1298 existentiae
276 1267 514 1310 prognosticam:
531 1277 570 1297 ex
590 1277 644 1306 eo,
664 1266 750 1309 quod
769 1267 901 1297 maximi
919 1267 983 1297 sint
1000 1266 1172 1298 voluminis
1191 1273 1223 1298 et
1240 1268 1326 1310 quod
1341 1280 1416 1299 con-

78 1321 235 1352 tractione
256 1320 475 1351 auricularum
499 1331 625 1362 semper
650 1319 757 1362 aliqua
783 1320 946 1362 sanguinis
967 1320 1070 1362 portio
1091 1321 1126 1351 in
1146 1320 1209 1352 illis
1229 1321 1418 1364 repellatur,

77 1375 122 1406 ita
143 1381 181 1407 ut
199 1375 233 1406 in
255 1375 407 1406 continua
429 1374 608 1417 pulsatione
630 1379 815 1414 versentur,
840 1373 927 1405 unde
942 1374 1038 1405 etiam
1060 1375 1111 1414 fit,
1131 1380 1169 1405 ut
1183 1374 1326 1407 vulneris
1346 1376 1419 1407 hia-

78 1434 147 1468 tus,
166 1428 227 1459 nisi
246 1439 372 1471 semper
393 1439 585 1471 semperque
607 1426 708 1470 major
728 1428 798 1467 fiat,
824 1427 936 1458 saltem
954 1427 1043 1459 haud
1064 1427 1206 1459 obturari
1225 1430 1338 1471 possit,
1364 1430 1419 1461 sed

79 1482 173 1514 etiam
196 1488 235 1514 ut
255 1493 326 1515 vasa
351 1481 486 1526 majora,
512 1493 566 1513 cor
591 1481 756 1512 sinistrum
781 1480 948 1521 adeuntia,
974 1493 1064 1512 nunc
1091 1482 1198 1522 citius,
1228 1494 1317 1514 nunc
1342 1494 1419 1515 vero

79 1535 198 1567 lentius
218 1542 354 1567 mortem
376 1542 551 1579 provocent
572 1535 689 1567 horum
711 1535 865 1567 laesiones.
890 1536 944 1567 Isti
963 1537 1070 1568 trunci
1089 1537 1199 1569 venosi
1217 1543 1310 1569 sunt:
1335 1538 1419 1570 binae

79 1600 171 1622 venae
197 1600 298 1629 cavae,
328 1590 473 1632 superior
500 1589 621 1620 scilicet
648 1595 682 1620 et
711 1589 861 1629 inferior,
890 1601 980 1622 venae
1009 1602 1121 1634 azyges
1147 1597 1180 1622 et
1209 1592 1417 1635 semiazygos,

79 1642 247 1675 subclavea
269 1649 302 1674 et
322 1654 411 1675 venae
430 1648 584 1685 praeterea
604 1643 816 1686 pulmonales.
841 1644 1072 1687 Perquiremus
1086 1657 1191 1686 nunc,
1214 1647 1418 1689 quandonam

78 1697 172 1729 citius
191 1697 243 1729 vel
265 1697 385 1729 lentius
406 1698 573 1740 perimunt
593 1697 710 1730 horum
731 1710 922 1741 organorum
944 1698 1091 1731 vulnera.
1117 1699 1175 1731 Illa
1195 1701 1302 1731 existit
1324 1701 1420 1732 diffe-

76 1752 179 1783 rentia
205 1751 290 1782 inter
319 1751 465 1783 laesiones
494 1752 652 1795 majorum
682 1758 872 1784 truncorum
897 1753 1121 1784 arteriosorum
1145 1758 1178 1784 et
1205 1765 1417 1795 venosorum,

77 1804 164 1848 quod
194 1805 331 1848 prioreS,
363 1816 464 1848 quum
494 1806 591 1838 unico
619 1812 734 1838 trunco
761 1807 922 1846 oriantur,
954 1806 1103 1838 citissime
1132 1813 1165 1837 et
1189 1808 1335 1849 protinus
1358 1808 1418 1840 sub

77 1859 172 1890 certis
197 1859 432 1891 conditionibus
458 1866 596 1901 necent,
621 1863 809 1905 posteriores
830 1873 848 1893 e
874 1867 999 1900 contra,
1026 1872 1129 1903 quum
1154 1860 1277 1903 duplici
1301 1867 1416 1893 trunco

76 1913 309 1958 terminentur,
329 1924 395 1945 non
419 1914 566 1957 protinus
585 1916 684 1948 vitam
706 1916 887 1955 destruant,
915 1915 976 1945 nisi
996 1914 1064 1945 bini
1086 1914 1183 1945 simul
1202 1916 1284 1946 rami
1305 1916 1416 1958 perfo-

77 1966 216 1999 dantur:
248 1967 273 1998 si
298 1968 385 1999 enim
416 1968 497 2000 alter
530 1968 647 2001 horum
674 1975 809 2013 perstat,
836 1968 965 2010 sanguis
993 1978 1050 2010 per
1075 1967 1213 2000 alterum
1242 1969 1283 2000 ad
1313 1969 1414 2001 cordis

137 2078 171 2108 (x)
187 2078 342 2108 Richerand,
360 2085 446 2109 nosog.
464 2079 573 2110 chii-urg.
595 2080 656 2105 Vol.
675 2087 700 2110 4.
721 2088 779 2112 pag.
800 2081 863 2103 141-
874 2079 927 2102 150.
948 2079 1040 2108 Boyer,
1056 2078 1076 2101 l.
1090 2079 1111 2102 1.
1131 2079 1233 2109 Fodere',
1249 2079 1311 2103 libro
1326 2080 1412 2108 laud.,

79 2124 136 2149 pag.
155 2113 211 2141 260.
1127 2133 1165 2170 ¹4
