1747 2620
890 261 1005 306 (24)

320 332 530 368 Adnotalio.
572 337 603 368 Si
625 348 666 368 ex
692 342 814 380 puncto
834 335 861 367 R
885 334 1023 367 ducatur
1044 336 1104 367 alia
1125 335 1247 378 quaevis
1270 342 1355 367 recta
1381 336 1475 379 Rgh,
1501 342 1613 369 notum

277 401 324 427 est
348 398 512 436 tangentes
532 392 565 423 in
591 392 719 434 punctis
738 403 765 433 g
787 396 819 421 et
843 390 865 420 h
884 389 943 421 sibi
964 391 997 421 in
1020 395 1104 421 recta
1127 389 1181 420 BD
1204 401 1389 429 occurrere,
1413 396 1445 421 et
1467 401 1506 422 ex
1531 402 1615 433 proe-

277 447 465 481 cedentibus
489 447 635 489 sequitur
658 444 839 487 diagonales
864 443 944 485 (ab)
968 456 994 486 g
1013 449 1045 475 et
1058 443 1102 487 fh
1123 444 1155 474 in
1176 450 1297 486 puncto
1318 444 1332 474 I
1356 443 1498 487 ejusden]
1521 451 1615 476 rectae

276 504 331 534 BD
354 511 556 533 concurrere.
579 500 626 530 Ex
647 498 697 529 his
716 497 810 528 facile
831 497 1035 528 concluditur
1052 502 1153 528 rectas
1174 498 1234 527 Rm
1250 503 1282 528 et
1297 497 1345 527 th
1361 508 1427 528 esse
1448 503 1615 541 tangentes

276 556 315 588 ad
338 561 457 599 puncta
479 566 511 584 m
530 559 563 584 et
584 564 606 584 n
629 553 662 584 in
679 550 797 595 quibus
814 557 899 582 recta
919 551 991 583 BDI
1013 552 1185 583 sectionem
1202 553 1345 583 conicam
1364 558 1459 584 secat.

741 680 1014 712 THEOREMA
1081 679 1145 712 IV.

318 780 364 811 Sit
382 779 465 821 (ab)
486 778 562 820 (cd)
582 776 652 820 (ff)
675 776 838 819 trigonum
856 774 988 806 sectioni
1010 775 1127 806 conicae
1144 774 1350 818 inscriptum3
1377 776 1402 806 si
1424 775 1463 807 ad
1481 777 1613 808 vertices

272 833 362 865 istius
377 832 494 875 trigoni
509 831 670 862 ducantur
686 835 867 872 tangentes,
882 840 994 860 eorum
1011 835 1131 871 puncta
1144 840 1317 860 concursus
1332 830 1374 869 R,
1385 829 1422 860 R'
1432 835 1464 860 et
1475 829 1521 860 R''
1538 841 1614 861 cum

272 887 425 919 lateribus
445 885 595 929 oppositis
615 884 733 927 trigoni
754 884 916 925 inscripti,
937 889 1033 914 erunt
1050 884 1082 913 in
1104 882 1216 914 eadem
1234 882 1320 914 recta
1340 883 1412 925 (fig.
1434 884 1476 917 27
1487 883 1509 926 ).

315 941 493 972 Theorema
515 938 599 970 istud
621 938 717 969 etiam
739 937 952 980 repetendum
980 943 1027 968 est
1047 949 1084 968 ex
1113 937 1326 968 Theoremate
1346 938 1465 981 primo3
1493 949 1567 969 nam
1588 939 1613 969 si

272 1005 429 1038 ponamus
443 993 515 1036 (fig.
532 993 594 1034 24)
615 992 712 1023 latera
729 992 788 1031 ab,
807 991 849 1022 ccl
865 997 897 1022 et
912 990 1086 1034 esinfinite
1103 1002 1200 1033 parva
1216 991 1301 1030 fieri⁷
1319 991 1495 1033 proprietas
1510 991 1614 1023 hexa-

272 1049 347 1091 goni
371 1059 436 1078 non
465 1052 628 1077 mutatur:
659 1057 735 1088 ergo
761 1057 818 1088 per
845 1046 950 1088 legem
980 1046 1199 1077 continuitatis
1224 1045 1281 1076 ista
1308 1045 1485 1088 proprietas
1509 1045 1593 1078 valet
1604 1070 1612 1085 ‚

272 1101 399 1145 quando
418 1101 516 1132 latera
528 1101 589 1139 ab,
604 1099 687 1130 edet
700 1098 912 1142 cftangentes
928 1099 968 1130 ad
987 1105 1107 1142 puncta
1120 1098 1216 1142 (ab),
1232 1097 1309 1141 (cd)
1325 1104 1357 1129 et
1372 1097 1441 1141 (ef)
1457 1099 1610 1131 evadunt.

271 1157 372 1199 Ergo,
394 1161 456 1186 etc.

314 1208 525 1240 Adtzotatio.
567 1206 749 1249 Tangentes
776 1206 939 1249 trigonum
971 1207 1250 1249 circumscriptum
1277 1206 1435 1247 formant,
1467 1205 1612 1250 adeoque

270 1263 435 1294 theorema
460 1271 597 1303 sequens
621 1260 791 1291 enuntiare
812 1259 899 1291 licet.

314 1317 350 1347 Si
369 1314 510 1346 sectioni
534 1313 659 1344 conicoe
682 1313 889 1344 inscribatur
909 1314 1095 1356 trigonum,
1122 1317 1155 1344 et
1174 1312 1293 1344 deinde
1317 1314 1612 1345 circumscribatur

269 1369 368 1401 aliud
385 1369 552 1411 trigonum
578 1378 720 1409 quorum
740 1367 848 1398 latera
868 1368 1047 1399 sectionem
1068 1368 1219 1399 conicum
1242 1373 1388 1411 tangunt
1408 1368 1456 1399 ad
1471 1369 1610 1399 vertices

268 1424 394 1467 trigoni
419 1422 592 1463 inscripti,
619 1420 760 1451 duorum
780 1421 919 1451 istorum
941 1422 1146 1464 trigonorum
1166 1422 1275 1453 latera
1297 1422 1471 1463 opposita,
1492 1422 1526 1452 in
1544 1422 1610 1452 tria

263 1483 394 1520 puncta
422 1477 456 1507 in
482 1476 643 1507 directum
660 1475 803 1516 posita,
831 1480 1039 1506 concurrunt.

735 1600 1037 1632 THEOREMA
1097 1600 1138 1631 V.

314 1698 351 1729 In
377 1695 464 1727 omni
484 1694 653 1737 hexagono
676 1694 808 1725 sectioni
829 1694 947 1726 conicae
970 1694 1226 1737 circumscripto,
1246 1699 1310 1725 tres
1331 1693 1512 1737 diagonales
1537 1706 1609 1738 qnae

269 1751 403 1785 vertices
414 1749 571 1792 oppositos
582 1747 740 1791 jungunt,
756 1759 813 1791 per
824 1760 926 1779 unum
939 1748 1090 1791 idemque
1101 1754 1262 1791 punctum
1275 1754 1443 1779 transeunt
1453 1748 1525 1792 (fig.
1539 1749 1606 1792 28).

311 1806 358 1836 Sit
377 1802 542 1834 ABCDEF
563 1801 769 1845 hexagonum
791 1802 1086 1845 circumscriptum:
1114 1802 1139 1833 si
1160 1807 1281 1845 puncta
1303 1807 1468 1833 contactus
1490 1800 1609 1846 junga—

267 1871 355 1898 mus,
377 1856 566 1889 habebimus
585 1855 791 1899 hexagonum
811 1856 1001 1898 inscriptum
1022 1854 1153 1899 abccqu.
1179 1855 1404 1887 Producantur
1427 1855 1525 1887 latera
1548 1867 1608 1899 op—

268 1914 368 1958 posita
381 1911 426 1956 af
429 1917 461 1944 et
472 1911 514 1943 cd
520 1935 528 1951 ‚
544 1922 646 1954 usque
662 1910 739 1942 dum
752 1921 817 1942 sese
832 1911 1026 1941 intersecent
1041 1911 1073 1940 in
1091 1910 1116 1940 R
1126 1934 1134 1949 ,
1148 1916 1181 1941 et:
1197 1909 1353 1941 ducamus
1373 1915 1475 1941 rectas
1497 1910 1556 1941 Rm
1575 1916 1609 1941 et

269 1969 335 2008 Rn3
357 1972 451 1999 rectae
470 1966 536 1996 istae
553 1971 649 1996 erunt
671 1971 854 2008 tangentes:
876 1976 949 1995 nam
973 1965 998 1995 si
1015 1964 1236 2008 producantur
1256 1964 1354 1995 latera
1371 1963 1441 2004 AB,
1463 1964 1531 2004 AF,
1551 1964 1605 1995 CD

267 2028 300 2054 et
318 2021 389 2059 DE,
411 2019 472 2051 erit
491 2018 609 2049 AGDH
629 2018 883 2061 quadrilaterum
901 2019 1180 2062 circumscriptum
1199 2024 1231 2050 et
1251 2017 1333 2061 afcd
1351 2017 1605 2061 quadrilaterum

267 2075 474 2118 inscriptum:
493 2083 568 2115 ergo
586 2072 692 2114 (Adn.
709 2072 825 2104 Theor.
843 2073 919 2117 III.)
934 2073 994 2105 Rm
1010 2079 1043 2105 et
1063 2073 1112 2105 Pm
1129 2078 1226 2106 erunt
1245 2078 1412 2116 tangentes
1429 2071 1468 2104 ad
1484 2077 1605 2115 puncta

268 2142 299 2161 m
322 2135 356 2161 et
375 2140 407 2160 n.
