1747 2620
661 282 799 326 (127)

69 359 252 403 digestionis
263 365 295 390 et
307 359 505 391 nutrimenta
521 355 707 388 assumenda
718 368 725 397 3
738 367 845 400 neque
860 357 913 389 hic
928 363 1031 401 potest
1047 365 1202 402 aegrotans
1218 362 1334 392 nutriri
1348 374 1406 405 ope

67 413 189 457 specilli
205 413 340 453 elastici,
352 413 401 444 uti
417 411 499 444 illud
513 411 581 443 fieri
592 416 696 454 potest
708 416 741 442 et
755 411 877 443 factum
892 412 1022 455 quidem
1035 419 1081 444 est
1094 414 1126 444 in
1139 413 1206 445 aliis
1224 414 1407 459 OEsophagi

68 466 264 507 laesionibus,
287 466 333 509 (1)
359 471 484 509 oportet
505 465 605 509 igitur
629 464 805 497 necessarie
830 467 1019 498 succumbat
1041 467 1104 499 tale
1129 467 1207 511 quid
1230 479 1408 512 perpessus.

113 521 146 552 Si
167 521 351 564 opinionem
372 520 412 551 ab
433 519 635 552 Hebenstreit
657 521 849 563 propositam
874 521 1128 562 consideremus,
1148 522 1217 553 haec
1237 523 1340 565 primo
1360 534 1411 554 as-

68 581 167 618 pectu
188 575 262 606 satis
280 574 424 606 miranda
444 574 589 614 videtur,
611 580 645 606 et
661 576 805 618 primum
821 576 981 607 credimus
1002 577 1193 608 sententiam
1212 577 1295 608 hanc
1313 578 1410 609 fuisse

70 628 272 671 desumptam
300 639 318 660 e
340 628 516 660 directione
545 628 698 660 fibrarum
724 635 930 661 externarum
959 630 1075 661 canalis
1103 631 1312 674 oesophagici,
1339 643 1411 674 quae

69 682 312 726 longitudinalis
332 689 395 722 est3
413 682 495 714 illud
510 694 620 716 revera
641 690 746 726 posset
765 684 968 727 aliquomodo
984 685 1125 717 vulneris
1146 686 1410 717 cicatrisationem

70 735 280 768 difficiliorem
292 736 441 780 quidem,
455 742 487 768 at
498 748 572 770 vero
582 748 648 768 non
663 737 890 781 impossibilem
902 738 1049 770 reddere:
1063 745 1202 770 attamen
1218 739 1242 769 si
1255 740 1412 770 anatomi-

69 801 139 821 cam
150 790 388 833 dispositionem
400 790 584 834 OEsophagi
595 791 779 832 intuemur,
789 803 863 823 mox
878 792 1075 835 percipimus
1091 792 1172 824 illud
1186 792 1412 824 Hebenstreitii

70 845 205 877 effatum
225 845 356 876 omnino
377 857 453 877 cum
471 845 639 877 anatomiae
661 844 787 889 legibus
808 852 1058 877 consentaneum
1080 857 1162 878 esse:
1187 847 1305 878 scimus
1327 847 1414 877 enim

69 910 208 932 nervum
223 898 579 941 pneumo-gastricum‚
602 905 809 943 posteaquam
825 902 994 932 cavitatem
1015 901 1153 944 pectoris
1174 901 1357 939 intraverit,
1382 906 1414 931 et

70 959 156 985 retro
179 952 332 984 bronchia
354 952 487 995 plexum
506 952 695 985 formaverit
717 953 954 996 pulmonalem,
982 955 1088 985 omnia
1113 966 1170 985 sua
1188 965 1322 985 nervosa
1345 954 1415 985 fila-

71 1013 180 1039 menta
200 1008 235 1038 in
258 1006 338 1038 duos
360 1006 528 1038 fasciculos
549 1006 715 1050 colligere,
739 1009 870 1039 nomine
897 1008 1119 1040 funiculorum
1148 1008 1413 1051 oesophageorum

72 1062 267 1104 designatos,
293 1067 326 1092 et
345 1072 486 1104 quorum
502 1061 614 1092 dexter
634 1061 674 1092 ad
698 1067 822 1104 partem
843 1062 1008 1094 lateralem
1030 1068 1063 1093 et
1079 1063 1286 1105 posteriorem
1311 1062 1415 1092 OEso-

71 1116 170 1159 phagi
195 1115 375 1155 descendit,
405 1115 486 1146 alter
509 1126 585 1148 vero
609 1115 735 1146 sinister
756 1114 847 1158 juxta
872 1115 1107 1158 longitudinem
1133 1115 1227 1146 faciei
1252 1115 1418 1146 anterioris

72 1169 217 1214 ejusdem
246 1169 357 1213 organi
384 1169 525 1201 directus
555 1170 590 1200 in
623 1169 780 1200 abdomen
809 1175 976 1212 penetrat3
1010 1168 1071 1200 hac
1099 1168 1303 1212 dispositione
1334 1168 1416 1199 bene

72 1223 239 1268 perspecta
252 1229 341 1267 patet
351 1224 405 1256 vix
420 1234 510 1267 posse
522 1223 640 1256 vulnus
658 1223 866 1255 transversale
882 1223 1074 1265 OEsophago
1089 1222 1191 1265 infligi
1208 1222 1287 1265 quin
1303 1221 1416 1253 eodem

73 1284 219 1321 tempore
245 1277 297 1310 vel
323 1277 544 1316 abscindatur,
575 1276 628 1308 vel
655 1276 829 1316 laceretur,
862 1276 913 1308 vel
943 1276 1008 1307 urio
1033 1275 1136 1308 aliove
1164 1275 1257 1307 modo
1283 1272 1418 1307 laedatur

75 1343 193 1364 nervus
207 1331 541 1374 pneumo-gastricUS,
563 1330 620 1361 ista
636 1331 723 1361 enim
738 1330 822 1360 laesio
844 1334 941 1360 totam
963 1330 1172 1361 oeconomiam
1193 1329 1362 1360 animalem
1384 1330 1419 1360 in

74 1385 232 1424 insolitas,
263 1385 438 1415 horrendas
470 1382 669 1426 lethalesque
704 1382 813 1414 turbas
849 1383 998 1427 conjiciat
1029 1389 1174 1426 oportet,
1206 1389 1418 1427 symptomata

62 1434 154 1470 ¹adeo
179 1438 287 1481 gravia
312 1448 487 1481 provocare
513 1436 624 1477 debet,
652 1442 691 1468 ut
714 1436 790 1480 ipsis
811 1438 957 1469 resistere
978 1439 1108 1469 omnino
1128 1438 1168 1469 sit
1192 1439 1331 1470 sauciato
1354 1438 1417 1469 im-

76 1492 234 1536 possibile.

119 1546 192 1577 Jam
217 1545 425 1589 pervenimus
454 1545 494 1576 ad
518 1545 644 1576 tertiam
675 1545 939 1588 perscrutandam
967 1546 1168 1588 opinionem,
1199 1557 1270 1588 quae
1299 1545 1420 1576 scilicet

75 1601 213 1633 vulnera
230 1600 414 1643 OEsophagi
435 1599 613 1643 periculosa
633 1599 782 1642 quidem,
803 1600 973 1631 sanationis
991 1606 1100 1631 tamen
1123 1600 1249 1643 capacia
1267 1599 1417 1630 declarat.

76 1655 117 1686 Et
139 1654 288 1698 equidem
299 1678 307 1694 ‚
324 1653 500 1685 dummodo
518 1653 757 1685 consideremus
776 1659 971 1685 structuram
988 1655 1087 1697 ipsius
1103 1665 1168 1685 esse
1186 1653 1400 1685 muscularem
1410 1678 1418 1694 ,

77 1708 469 1752 OEsophagotomiamque
480 1707 543 1752 jam
558 1708 720 1740 multoties
739 1708 836 1741 fuisse
851 1714 991 1740 sanatam
1001 1733 1009 1749 ,
1024 1707 1097 1740 luce
1113 1707 1287 1739 meridiana
1304 1707 1420 1739 clarius

78 1761 244 1806 apparebit
268 1761 453 1805 OEsophagi
473 1762 597 1806 plagas,
621 1762 705 1805 (nisi
725 1769 811 1795 totus
831 1763 1049 1803 abscindatur,
1075 1769 1131 1794 aut
1154 1763 1274 1794 caeteris
1295 1763 1421 1807 organis

78 1816 218 1848 notabile
244 1816 398 1849 damnum
421 1817 584 1860 accidat,)
607 1828 697 1860 posse
718 1818 890 1849 cicatrisari
911 1824 943 1849 et
963 1818 1088 1860 integre
1110 1817 1251 1856 restitui3
1273 1816 1421 1859 illudque

79 1872 123 1903 sic
143 1870 258 1903 volunt
277 1871 528 1914 praestantissimi
545 1871 580 1902 in
601 1871 765 1915 chirurgia
787 1873 847 1905 viri
868 1873 925 1915 (2).
950 1871 1033 1903 Cum
1049 1871 1149 1914 igitur
1169 1870 1231 1901 tale
1248 1870 1326 1913 quid
1343 1881 1420 1902 eve-

79 1925 145 1965 nit,
171 1936 301 1956 omnem
321 1932 459 1957 nostram
484 1938 594 1957 curam
615 1927 650 1958 in
676 1938 713 1958 eo
736 1927 924 1970 impendere
948 1925 1118 1964 debemus,
1147 1930 1186 1956 ut
1207 1924 1419 1967 impediamus

79 1990 122 2011 ne
152 1979 275 2022 aliquid
301 1979 527 2012 alimentorum
555 1980 838 2023 potulentorumve
867 1986 956 2012 extra
988 1979 1217 2023 OEsophagnm
1244 1979 1278 2010 in
1308 1985 1421 2022 pectus

142 2096 175 2126 (1)
193 2095 331 2118 Videantur
347 2094 410 2118 varii
427 2099 535 2118 auctores
554 2100 577 2118 et
596 2095 659 2119 iuter
677 2097 738 2119 alios
753 2097 867 2124 Desaust,
888 2104 981 2120 oenvres
1001 2096 1120 2127 chirurg.,
1140 2100 1198 2118 tom.
1215 2096 1248 2118 11.

142 2136 174 2166 (2)
192 2136 285 2166 Boyer,
302 2136 320 2158 l.
337 2135 369 2165 l.,
391 2140 450 2159 tom.
468 2135 527 2159 Vll.
548 2136 702 2167 Richerand,
721 2138 738 2160 l.
756 2137 788 2166 1.,
810 2141 867 2160 tom.
885 2138 932 2159 111.
953 2144 1006 2167 pag.
1023 2136 1074 2160 325.
