<?xml version="1.0" encoding="UTF-8"?>
<!DOCTYPE html PUBLIC "-//W3C//DTD XHTML 1.0 Transitional//EN"
    "http://www.w3.org/TR/xhtml1/DTD/xhtml1-transitional.dtd">
<html xmlns="http://www.w3.org/1999/xhtml" xml:lang="en" lang="en">
 <head>
  <title>
</title>
<meta http-equiv="Content-Type" content="text/html;charset=utf-8" />
  <meta name='ocr-system' content='tesseract 3.04.00' />
  <meta name='ocr-capabilities' content='ocr_page ocr_carea ocr_par ocr_line ocrx_word'/>
</head>
<body>
  <div class='ocr_page' id='page_1' title='image "annalesacademiae00acad_0180.png"; bbox 0 0 1747 2620; ppageno 0'>
   <div class='ocr_carea' id='block_1_1' title="bbox 892 252 1006 296">
    <p class='ocr_par' dir='ltr' id='par_1_1' title="bbox 892 252 1006 296">
     <span class='ocr_line' id='line_1_1' title="bbox 892 252 1006 296; baseline 0.009 -1"><span class='ocrx_word' id='word_1_1' title='bbox 892 252 1006 296; x_wconf 79' lang='lat'>(56)</span> 
     </span>
    </p>
   </div>
   <div class='ocr_carea' id='block_1_2' title="bbox 276 326 1621 2029">
    <p class='ocr_par' dir='ltr' id='par_1_2' title="bbox 278 326 1621 805">
     <span class='ocr_line' id='line_1_2' title="bbox 280 326 1618 372; baseline -0.003 -8"><span class='ocrx_word' id='word_1_2' title='bbox 280 333 418 367; x_wconf 79' lang='lat' dir='ltr'><strong>bonum,</strong></span> <span class='ocrx_word' id='word_1_3' title='bbox 448 330 542 363; x_wconf 88' lang='lat' dir='ltr'><strong>simul</strong></span> <span class='ocrx_word' id='word_1_4' title='bbox 573 340 648 361; x_wconf 72' lang='lat' dir='ltr'><strong>vero</strong></span> <span class='ocrx_word' id='word_1_5' title='bbox 672 328 760 360; x_wconf 86' lang='lat' dir='ltr'><strong>haud</strong></span> <span class='ocrx_word' id='word_1_6' title='bbox 787 327 975 370; x_wconf 80' lang='lat' dir='ltr'><strong>ambiguum</strong></span> <span class='ocrx_word' id='word_1_7' title='bbox 1002 326 1071 371; x_wconf 87' lang='lat' dir='ltr'><strong>ejus</strong></span> <span class='ocrx_word' id='word_1_8' title='bbox 1098 327 1371 370; x_wconf 74' lang='lat' dir='ltr'><strong>deprehendimus</strong></span> <span class='ocrx_word' id='word_1_9' title='bbox 1399 335 1618 372; x_wconf 83' lang='lat' dir='ltr'><strong>praeceptum,</strong></span> 
     </span>
     <span class='ocr_line' id='line_1_3' title="bbox 280 381 1621 430; baseline -0.001 -14"><span class='ocrx_word' id='word_1_10' title='bbox 280 399 343 430; x_wconf 84' lang='lat' dir='ltr'><strong>quo</strong></span> <span class='ocrx_word' id='word_1_11' title='bbox 365 386 403 417; x_wconf 91' lang='lat' dir='ltr'><strong>ad</strong></span> <span class='ocrx_word' id='word_1_12' title='bbox 420 386 568 429; x_wconf 72' lang='lat' dir='ltr'><strong>prccclara</strong></span> <span class='ocrx_word' id='word_1_13' title='bbox 591 384 709 427; x_wconf 76' lang='lat' dir='ltr'><strong>quaevis</strong></span> <span class='ocrx_word' id='word_1_14' title='bbox 725 390 757 414; x_wconf 87' lang='lat' dir='ltr'><strong>et</strong></span> <span class='ocrx_word' id='word_1_15' title='bbox 771 383 900 414; x_wconf 86' lang='lat' dir='ltr'><strong>honesta</strong></span> <span class='ocrx_word' id='word_1_16' title='bbox 920 383 1092 413; x_wconf 76' lang='lat' dir='ltr'>incitamur</span> <span class='ocrx_word' id='word_1_17' title='bbox 1110 387 1142 412; x_wconf 85' lang='lat' dir='ltr'><strong>et</strong></span> <span class='ocrx_word' id='word_1_18' title='bbox 1157 381 1305 413; x_wconf 85' lang='lat' dir='ltr'><strong>omnibus</strong></span> <span class='ocrx_word' id='word_1_19' title='bbox 1321 381 1442 414; x_wconf 82' lang='lat' dir='ltr'><strong>viribus</strong></span> <span class='ocrx_word' id='word_1_20' title='bbox 1456 394 1621 414; x_wconf 87' lang='lat' dir='ltr'><strong>summum</strong></span> 
     </span>
     <span class='ocr_line' id='line_1_4' title="bbox 280 435 1620 482; baseline -0.003 -9"><span class='ocrx_word' id='word_1_21' title='bbox 280 440 362 472; x_wconf 86' lang='lat' dir='ltr'><strong>illud</strong></span> <span class='ocrx_word' id='word_1_22' title='bbox 383 440 502 471; x_wconf 84' lang='lat' dir='ltr'><strong>honum</strong></span> <span class='ocrx_word' id='word_1_23' title='bbox 524 445 633 482; x_wconf 86' lang='lat' dir='ltr'><strong>petere</strong></span> <span class='ocrx_word' id='word_1_24' title='bbox 660 444 691 468; x_wconf 90' lang='lat' dir='ltr'><strong>et</strong></span> <span class='ocrx_word' id='word_1_25' title='bbox 710 437 821 467; x_wconf 83' lang='lat' dir='ltr'><strong>sectari</strong></span> <span class='ocrx_word' id='word_1_26' title='bbox 845 435 1007 479; x_wconf 85' lang='lat' dir='ltr'><strong>jubemur.</strong></span> <span class='ocrx_word' id='word_1_27' title='bbox 1039 436 1135 474; x_wconf 87' lang='lat' dir='ltr'><strong>Quod</strong></span> <span class='ocrx_word' id='word_1_28' title='bbox 1159 441 1264 466; x_wconf 87' lang='lat' dir='ltr'><strong>tamen</strong></span> <span class='ocrx_word' id='word_1_29' title='bbox 1287 447 1360 467; x_wconf 86' lang='lat' dir='ltr'><strong>cum</strong></span> <span class='ocrx_word' id='word_1_30' title='bbox 1384 447 1478 467; x_wconf 87' lang='lat' dir='ltr'><strong>nemo</strong></span> <span class='ocrx_word' id='word_1_31' title='bbox 1500 443 1620 469; x_wconf 72' lang='lat' dir='ltr'><strong>morta-</strong></span> 
     </span>
     <span class='ocr_line' id='line_1_5' title="bbox 280 489 1619 531; baseline -0.001 -6"><span class='ocrx_word' id='word_1_32' title='bbox 280 495 359 526; x_wconf 82' lang='lat' dir='ltr'>lium</span> <span class='ocrx_word' id='word_1_33' title='bbox 384 495 416 525; x_wconf 93' lang='lat' dir='ltr'><strong>in</strong></span> <span class='ocrx_word' id='word_1_34' title='bbox 438 495 501 525; x_wconf 67' lang='lat' dir='ltr'><strong>vita</strong></span> <span class='ocrx_word' id='word_1_35' title='bbox 523 492 582 523; x_wconf 83' lang='lat' dir='ltr'><strong>liae</strong></span> <span class='ocrx_word' id='word_1_36' title='bbox 604 490 745 522; x_wconf 72' lang='lat' dir='ltr'><strong>terrestri</strong></span> <span class='ocrx_word' id='word_1_37' title='bbox 764 489 915 531; x_wconf 77' lang='lat' dir='ltr'>consequi</span> <span class='ocrx_word' id='word_1_38' title='bbox 939 489 1057 528; x_wconf 80' lang='lat' dir='ltr'><strong>valeat,</strong></span> <span class='ocrx_word' id='word_1_39' title='bbox 1079 501 1120 520; x_wconf 82' lang='lat' dir='ltr'><strong>ex</strong></span> <span class='ocrx_word' id='word_1_40' title='bbox 1142 490 1266 521; x_wconf 75' lang='lat' dir='ltr'><strong>disertis</strong></span> <span class='ocrx_word' id='word_1_41' title='bbox 1283 496 1397 522; x_wconf 84' lang='lat' dir='ltr'><strong>nostrae</strong></span> <span class='ocrx_word' id='word_1_42' title='bbox 1418 493 1619 524; x_wconf 78' lang='lat' dir='ltr'><strong>conscientia:</strong></span> 
     </span>
     <span class='ocr_line' id='line_1_6' title="bbox 280 542 1619 587; baseline -0.001 -9"><span class='ocrx_word' id='word_1_43' title='bbox 280 549 381 579; x_wconf 71' lang='lat' dir='ltr'><strong>ell‘atis</strong></span> <span class='ocrx_word' id='word_1_44' title='bbox 412 548 500 578; x_wconf 89' lang='lat' dir='ltr'><strong>firma</strong></span> <span class='ocrx_word' id='word_1_45' title='bbox 529 545 590 576; x_wconf 89' lang='lat' dir='ltr'><strong>fide</strong></span> <span class='ocrx_word' id='word_1_46' title='bbox 617 544 678 575; x_wconf 78' lang='lat' dir='ltr'><strong>lioc</strong></span> <span class='ocrx_word' id='word_1_47' title='bbox 706 542 881 574; x_wconf 84' lang='lat' dir='ltr'><strong>tenendum</strong></span> <span class='ocrx_word' id='word_1_48' title='bbox 912 548 979 581; x_wconf 83' lang='lat' dir='ltr'><strong>cst,</strong></span> <span class='ocrx_word' id='word_1_49' title='bbox 1017 549 1155 574; x_wconf 81' lang='lat' dir='ltr'><strong>nostram</strong></span> <span class='ocrx_word' id='word_1_50' title='bbox 1190 544 1304 587; x_wconf 79' lang='lat' dir='ltr'><strong>agendi</strong></span> <span class='ocrx_word' id='word_1_51' title='bbox 1335 544 1521 576; x_wconf 78' lang='lat' dir='ltr'>facultatem</span> <span class='ocrx_word' id='word_1_52' title='bbox 1554 557 1619 577; x_wconf 89' lang='lat' dir='ltr'><strong>non</strong></span> 
     </span>
     <span class='ocr_line' id='line_1_7' title="bbox 279 596 1620 641; baseline -0.001 -9"><span class='ocrx_word' id='word_1_53' title='bbox 279 601 374 632; x_wconf 82' lang='lat' dir='ltr'><strong>simul</strong></span> <span class='ocrx_word' id='word_1_54' title='bbox 401 612 473 631; x_wconf 90' lang='lat' dir='ltr'><strong>cum</strong></span> <span class='ocrx_word' id='word_1_55' title='bbox 498 599 637 641; x_wconf 89' lang='lat' dir='ltr'><strong>corporis</strong></span> <span class='ocrx_word' id='word_1_56' title='bbox 660 603 761 629; x_wconf 83' lang='lat' dir='ltr'><strong>morte</strong></span> <span class='ocrx_word' id='word_1_57' title='bbox 782 608 849 628; x_wconf 79' lang='lat' dir='ltr'><strong>esse</strong></span> <span class='ocrx_word' id='word_1_58' title='bbox 872 596 1049 639; x_wconf 82' lang='lat' dir='ltr'><strong>perituram</strong></span> <span class='ocrx_word' id='word_1_59' title='bbox 1076 596 1131 628; x_wconf 84' lang='lat' dir='ltr'><strong>sed</strong></span> <span class='ocrx_word' id='word_1_60' title='bbox 1155 609 1275 629; x_wconf 88' lang='lat' dir='ltr'><strong>novum</strong></span> <span class='ocrx_word' id='word_1_61' title='bbox 1299 597 1389 629; x_wconf 89' lang='lat' dir='ltr'><strong>nobis</strong></span> <span class='ocrx_word' id='word_1_62' title='bbox 1410 605 1558 641; x_wconf 83' lang='lat' dir='ltr'><strong>apertum</strong></span> <span class='ocrx_word' id='word_1_63' title='bbox 1580 600 1620 631; x_wconf 92' lang='lat' dir='ltr'><strong>iri</strong></span> 
     </span>
     <span class='ocr_line' id='line_1_8' title="bbox 278 650 1620 697; baseline -0.001 -11"><span class='ocrx_word' id='word_1_64' title='bbox 278 656 410 687; x_wconf 86' lang='lat' dir='ltr'><strong>actionis</strong></span> <span class='ocrx_word' id='word_1_65' title='bbox 441 660 537 697; x_wconf 83' lang='lat' dir='ltr'><strong>atque</strong></span> <span class='ocrx_word' id='word_1_66' title='bbox 568 653 728 684; x_wconf 70' lang='lat' dir='ltr'>felicitatis</span> <span class='ocrx_word' id='word_1_67' title='bbox 755 663 924 694; x_wconf 87' lang='lat' dir='ltr'><strong>campum,</strong></span> <span class='ocrx_word' id='word_1_68' title='bbox 953 661 1135 694; x_wconf 82' lang='lat' dir='ltr'><strong>novamque</strong></span> <span class='ocrx_word' id='word_1_69' title='bbox 1161 650 1251 682; x_wconf 90' lang='lat' dir='ltr'><strong>nobis</strong></span> <span class='ocrx_word' id='word_1_70' title='bbox 1277 651 1464 683; x_wconf 81' lang='lat' dir='ltr'><strong>adfuturam</strong></span> <span class='ocrx_word' id='word_1_71' title='bbox 1490 664 1555 684; x_wconf 84' lang='lat' dir='ltr'><strong>esse</strong></span> <span class='ocrx_word' id='word_1_72' title='bbox 1580 653 1620 685; x_wconf 87' lang='lat' dir='ltr'><strong>ad</strong></span> 
     </span>
     <span class='ocr_line' id='line_1_9' title="bbox 278 705 1619 753; baseline -0.002 -12"><span class='ocrx_word' id='word_1_73' title='bbox 278 709 396 753; x_wconf 81' lang='lat' dir='ltr'><strong>majora</strong></span> <span class='ocrx_word' id='word_1_74' title='bbox 432 707 612 751; x_wconf 85' lang='lat' dir='ltr'><strong>adspiraudi</strong></span> <span class='ocrx_word' id='word_1_75' title='bbox 646 706 917 750; x_wconf 68' lang='lat' dir='ltr'>perfectionisque</span> <span class='ocrx_word' id='word_1_76' title='bbox 953 705 1084 737; x_wconf 88' lang='lat' dir='ltr'><strong>demum</strong></span> <span class='ocrx_word' id='word_1_77' title='bbox 1121 705 1354 748; x_wconf 73' lang='lat' dir='ltr'><strong>consequendae</strong></span> <span class='ocrx_word' id='word_1_78' title='bbox 1393 707 1619 749; x_wconf 85' lang='lat' dir='ltr'><strong>opportunita-</strong></span> 
     </span>
     <span class='ocr_line' id='line_1_10' title="bbox 278 763 427 805; baseline 0 -11"><span class='ocrx_word' id='word_1_79' title='bbox 278 770 342 795; x_wconf 81' lang='lat' dir='ltr'><strong>tem</strong></span> <span class='ocrx_word' id='word_1_80' title='bbox 369 763 427 805; x_wconf 85' lang='lat'>(1).</span> 
     </span>
    </p>

    <p class='ocr_par' dir='ltr' id='par_1_3' title="bbox 276 812 1620 2029">
     <span class='ocr_line' id='line_1_11' title="bbox 281 812 1619 860; baseline -0.002 -12"><span class='ocrx_word' id='word_1_81' title='bbox 281 840 283 842; x_wconf 81' lang='lat'>.</span> <span class='ocrx_word' id='word_1_82' title='bbox 322 818 435 860; x_wconf 76' lang='lat' dir='ltr'><strong>Neque</strong></span> <span class='ocrx_word' id='word_1_83' title='bbox 466 822 570 847; x_wconf 80' lang='lat' dir='ltr'><strong>nostra</strong></span> <span class='ocrx_word' id='word_1_84' title='bbox 599 816 674 846; x_wconf 86' lang='lat' dir='ltr'><strong>fides</strong></span> <span class='ocrx_word' id='word_1_85' title='bbox 699 826 736 845; x_wconf 88' lang='lat' dir='ltr'><strong>eo</strong></span> <span class='ocrx_word' id='word_1_86' title='bbox 765 814 976 845; x_wconf 83' lang='lat' dir='ltr'><strong>labefactatur</strong></span> <span class='ocrx_word' id='word_1_87' title='bbox 1008 812 1095 856; x_wconf 89' lang='lat' dir='ltr'><strong>quod</strong></span> <span class='ocrx_word' id='word_1_88' title='bbox 1124 812 1254 853; x_wconf 85' lang='lat' dir='ltr'><strong>dicunt,</strong></span> <span class='ocrx_word' id='word_1_89' title='bbox 1283 813 1455 845; x_wconf 88' lang='lat' dir='ltr'><strong>nonnullas</strong></span> <span class='ocrx_word' id='word_1_90' title='bbox 1483 814 1619 857; x_wconf 88' lang='lat' dir='ltr'><strong>reperiri</strong></span> 
     </span>
     <span class='ocr_line' id='line_1_12' title="bbox 278 868 1619 913; baseline -0.001 -12"><span class='ocrx_word' id='word_1_91' title='bbox 278 877 404 913; x_wconf 75' lang='lat' dir='ltr'><strong>gentes,</strong></span> <span class='ocrx_word' id='word_1_92' title='bbox 427 881 500 912; x_wconf 82' lang='lat' dir='ltr'><strong>quae</strong></span> <span class='ocrx_word' id='word_1_93' title='bbox 521 870 597 900; x_wconf 84' lang='lat' dir='ltr'><strong>lieet</strong></span> <span class='ocrx_word' id='word_1_94' title='bbox 618 869 684 899; x_wconf 87' lang='lat' dir='ltr'><strong>sine</strong></span> <span class='ocrx_word' id='word_1_95' title='bbox 708 868 772 899; x_wconf 82' lang='lat' dir='ltr'><strong>ulla</strong></span> <span class='ocrx_word' id='word_1_96' title='bbox 790 869 980 911; x_wconf 70' lang='lat' dir='ltr'><strong>exceptione</strong></span> <span class='ocrx_word' id='word_1_97' title='bbox 1000 879 1110 899; x_wconf 87' lang='lat' dir='ltr'><strong>omnes</strong></span> <span class='ocrx_word' id='word_1_98' title='bbox 1128 868 1289 911; x_wconf 81' lang='lat' dir='ltr'><strong>gaudeant</strong></span> <span class='ocrx_word' id='word_1_99' title='bbox 1305 869 1497 899; x_wconf 82' lang='lat' dir='ltr'><strong>conscicntia</strong></span> <span class='ocrx_word' id='word_1_100' title='bbox 1515 869 1619 912; x_wconf 85' lang='lat' dir='ltr'><strong>turpis</strong></span> 
     </span>
     <span class='ocr_line' id='line_1_13' title="bbox 277 921 1619 966; baseline -0.001 -12"><span class='ocrx_word' id='word_1_101' title='bbox 277 930 374 966; x_wconf 83' lang='lat' dir='ltr'><strong>alque</strong></span> <span class='ocrx_word' id='word_1_102' title='bbox 400 923 546 962; x_wconf 84' lang='lat' dir='ltr'><strong>honesti,</strong></span> <span class='ocrx_word' id='word_1_103' title='bbox 578 921 734 966; x_wconf 81' lang='lat' dir='ltr'><strong>ejusmodi</strong></span> <span class='ocrx_word' id='word_1_104' title='bbox 764 927 871 951; x_wconf 82' lang='lat' dir='ltr'><strong>tamen</strong></span> <span class='ocrx_word' id='word_1_105' title='bbox 901 921 963 951; x_wconf 74' lang='lat' dir='ltr'><strong>sule</strong></span> <span class='ocrx_word' id='word_1_106' title='bbox 990 932 1118 963; x_wconf 85' lang='lat' dir='ltr'><strong>prorsus</strong></span> <span class='ocrx_word' id='word_1_107' title='bbox 1149 927 1288 952; x_wconf 79' lang='lat' dir='ltr'><strong>careant.</strong></span> <span class='ocrx_word' id='word_1_108' title='bbox 1322 921 1404 952; x_wconf 71' lang='lat' dir='ltr'><strong>Nam</strong></span> <span class='ocrx_word' id='word_1_109' title='bbox 1433 922 1458 952; x_wconf 92' lang='lat' dir='ltr'><strong>si</strong></span> <span class='ocrx_word' id='word_1_110' title='bbox 1484 922 1536 953; x_wconf 68' lang='lat' dir='ltr'><strong>rel</strong></span> <span class='ocrx_word' id='word_1_111' title='bbox 1558 922 1619 954; x_wconf 86' lang='lat' dir='ltr'><strong>hoc</strong></span> 
     </span>
     <span class='ocr_line' id='line_1_14' title="bbox 278 974 1619 1018; baseline -0.001 -9"><span class='ocrx_word' id='word_1_112' title='bbox 278 977 488 1016; x_wconf 87' lang='lat' dir='ltr'><strong>concedatur,</strong></span> <span class='ocrx_word' id='word_1_113' title='bbox 510 976 591 1008; x_wconf 84' lang='lat' dir='ltr'>nihil</span> <span class='ocrx_word' id='word_1_114' title='bbox 614 976 682 1007; x_wconf 61' lang='lat' dir='ltr'><strong>hacc</strong></span> <span class='ocrx_word' id='word_1_115' title='bbox 703 974 839 1018; x_wconf 85' lang='lat' dir='ltr'><strong>objectio</strong></span> <span class='ocrx_word' id='word_1_116' title='bbox 864 975 939 1005; x_wconf 79' lang='lat' dir='ltr'><strong>facit</strong></span> <span class='ocrx_word' id='word_1_117' title='bbox 960 974 998 1006; x_wconf 86' lang='lat' dir='ltr'><strong>ad</strong></span> <span class='ocrx_word' id='word_1_118' title='bbox 1019 974 1266 1017; x_wconf 86' lang='lat' dir='ltr'><strong>infringendum</strong></span> <span class='ocrx_word' id='word_1_119' title='bbox 1286 975 1470 1017; x_wconf 80' lang='lat' dir='ltr'><strong>argumenti</strong></span> <span class='ocrx_word' id='word_1_120' title='bbox 1488 976 1619 1017; x_wconf 84' lang='lat' dir='ltr'><strong>practici</strong></span> 
     </span>
     <span class='ocr_line' id='line_1_15' title="bbox 278 1027 1620 1071; baseline -0.003 -8"><span class='ocrx_word' id='word_1_121' title='bbox 278 1032 428 1063; x_wconf 73' lang='lat' dir='ltr'><strong>valorem.</strong></span> <span class='ocrx_word' id='word_1_122' title='bbox 460 1031 495 1062; x_wconf 88' lang='lat' dir='ltr'><strong>Id</strong></span> <span class='ocrx_word' id='word_1_123' title='bbox 522 1042 625 1062; x_wconf 84' lang='lat' dir='ltr'><strong>unum</strong></span> <span class='ocrx_word' id='word_1_124' title='bbox 652 1029 744 1060; x_wconf 81' lang='lat' dir='ltr'><strong>modo</strong></span> <span class='ocrx_word' id='word_1_125' title='bbox 772 1028 902 1071; x_wconf 82' lang='lat' dir='ltr'><strong>prohat,</strong></span> <span class='ocrx_word' id='word_1_126' title='bbox 933 1027 1090 1071; x_wconf 85' lang='lat' dir='ltr'><strong>ejusmodi</strong></span> <span class='ocrx_word' id='word_1_127' title='bbox 1121 1027 1369 1059; x_wconf 85' lang='lat' dir='ltr'><strong>immortalitatis</strong></span> <span class='ocrx_word' id='word_1_128' title='bbox 1393 1028 1558 1059; x_wconf 87' lang='lat' dir='ltr'><strong>notionem</strong></span> <span class='ocrx_word' id='word_1_129' title='bbox 1587 1034 1620 1060; x_wconf 88' lang='lat' dir='ltr'><strong>et</strong></span> 
     </span>
     <span class='ocr_line' id='line_1_16' title="bbox 276 1080 1620 1129; baseline -0.002 -12"><span class='ocrx_word' id='word_1_130' title='bbox 276 1098 365 1129; x_wconf 86' lang='lat' dir='ltr'><strong>spem</strong></span> <span class='ocrx_word' id='word_1_131' title='bbox 387 1097 468 1125; x_wconf 85' lang='lat' dir='ltr'><strong>non,</strong></span> <span class='ocrx_word' id='word_1_132' title='bbox 494 1083 767 1128; x_wconf 84' lang='lat' dir='ltr'><strong>quemadmodum</strong></span> <span class='ocrx_word' id='word_1_133' title='bbox 793 1081 941 1113; x_wconf 84' lang='lat' dir='ltr'>nonnulli</span> <span class='ocrx_word' id='word_1_134' title='bbox 963 1080 1217 1120; x_wconf 87' lang='lat' dir='ltr'><strong>contenderunt,</strong></span> <span class='ocrx_word' id='word_1_135' title='bbox 1237 1081 1361 1112; x_wconf 87' lang='lat' dir='ltr'><strong>homini</strong></span> <span class='ocrx_word' id='word_1_136' title='bbox 1381 1082 1490 1113; x_wconf 80' lang='lat' dir='ltr'><strong>insitas</strong></span> <span class='ocrx_word' id='word_1_137' title='bbox 1508 1092 1574 1114; x_wconf 88' lang='lat' dir='ltr'><strong>esse</strong></span> <span class='ocrx_word' id='word_1_138' title='bbox 1587 1088 1620 1114; x_wconf 86' lang='lat' dir='ltr'><strong>et</strong></span> 
     </span>
     <span class='ocr_line' id='line_1_17' title="bbox 277 1134 1620 1181; baseline -0.003 -10"><span class='ocrx_word' id='word_1_139' title='bbox 277 1141 418 1179; x_wconf 76' lang='lat' dir='ltr'><strong>innata53</strong></span> <span class='ocrx_word' id='word_1_140' title='bbox 446 1150 520 1169; x_wconf 86' lang='lat' dir='ltr'><strong>nam</strong></span> <span class='ocrx_word' id='word_1_141' title='bbox 547 1144 583 1169; x_wconf 90' lang='lat' dir='ltr'><strong>ut</strong></span> <span class='ocrx_word' id='word_1_142' title='bbox 604 1138 725 1181; x_wconf 81' lang='lat' dir='ltr'><strong>quaevis</strong></span> <span class='ocrx_word' id='word_1_143' title='bbox 746 1136 832 1167; x_wconf 91' lang='lat' dir='ltr'><strong>notio</strong></span> <span class='ocrx_word' id='word_1_144' title='bbox 850 1135 927 1173; x_wconf 80' lang='lat' dir='ltr'><strong>alia,</strong></span> <span class='ocrx_word' id='word_1_145' title='bbox 948 1135 991 1165; x_wconf 86' lang='lat' dir='ltr'><strong>ila</strong></span> <span class='ocrx_word' id='word_1_146' title='bbox 1013 1140 1045 1165; x_wconf 86' lang='lat' dir='ltr'><strong>et</strong></span> <span class='ocrx_word' id='word_1_147' title='bbox 1069 1134 1138 1165; x_wconf 67' lang='lat' dir='ltr'><strong>hacc</strong></span> <span class='ocrx_word' id='word_1_148' title='bbox 1158 1135 1192 1165; x_wconf 88' lang='lat' dir='ltr'><strong>in</strong></span> <span class='ocrx_word' id='word_1_149' title='bbox 1219 1140 1328 1165; x_wconf 84' lang='lat' dir='ltr'><strong>mente</strong></span> <span class='ocrx_word' id='word_1_150' title='bbox 1350 1134 1492 1166; x_wconf 85' lang='lat' dir='ltr'><strong>humana</strong></span> <span class='ocrx_word' id='word_1_151' title='bbox 1515 1136 1620 1168; x_wconf 86' lang='lat' dir='ltr'><strong>infor-</strong></span> 
     </span>
     <span class='ocr_line' id='line_1_18' title="bbox 277 1188 1620 1235; baseline -0.002 -10"><span class='ocrx_word' id='word_1_152' title='bbox 277 1200 384 1225; x_wconf 85' lang='lat' dir='ltr'><strong>matur</strong></span> <span class='ocrx_word' id='word_1_153' title='bbox 410 1199 442 1224; x_wconf 85' lang='lat' dir='ltr'><strong>et</strong></span> <span class='ocrx_word' id='word_1_154' title='bbox 466 1192 621 1235; x_wconf 81' lang='lat' dir='ltr'><strong>paulatim</strong></span> <span class='ocrx_word' id='word_1_155' title='bbox 651 1191 822 1223; x_wconf 83' lang='lat' dir='ltr'><strong>evolvitur.</strong></span> <span class='ocrx_word' id='word_1_156' title='bbox 860 1189 920 1220; x_wconf 91' lang='lat' dir='ltr'><strong>Cui</strong></span> <span class='ocrx_word' id='word_1_157' title='bbox 947 1188 1079 1231; x_wconf 87' lang='lat' dir='ltr'><strong>quidem</strong></span> <span class='ocrx_word' id='word_1_158' title='bbox 1103 1189 1167 1232; x_wconf 84' lang='lat' dir='ltr'><strong>legi</strong></span> <span class='ocrx_word' id='word_1_159' title='bbox 1193 1200 1301 1232; x_wconf 88' lang='lat' dir='ltr'><strong>neque</strong></span> <span class='ocrx_word' id='word_1_160' title='bbox 1328 1190 1522 1221; x_wconf 85' lang='lat' dir='ltr'><strong>conscientia</strong></span> <span class='ocrx_word' id='word_1_161' title='bbox 1551 1191 1620 1234; x_wconf 87' lang='lat' dir='ltr'><strong>ipsa</strong></span> 
     </span>
     <span class='ocr_line' id='line_1_19' title="bbox 277 1243 1619 1285; baseline -0.003 -6"><span class='ocrx_word' id='word_1_162' title='bbox 277 1254 402 1279; x_wconf 77' lang='lat' dir='ltr'><strong>exemta</strong></span> <span class='ocrx_word' id='word_1_163' title='bbox 420 1253 476 1278; x_wconf 83' lang='lat' dir='ltr'><strong>est.</strong></span> <span class='ocrx_word' id='word_1_164' title='bbox 498 1245 601 1277; x_wconf 87' lang='lat' dir='ltr'><strong>Simul</strong></span> <span class='ocrx_word' id='word_1_165' title='bbox 620 1256 656 1276; x_wconf 83' lang='lat' dir='ltr'><strong>ac</strong></span> <span class='ocrx_word' id='word_1_166' title='bbox 674 1256 749 1276; x_wconf 81' lang='lat' dir='ltr'><strong>vero</strong></span> <span class='ocrx_word' id='word_1_167' title='bbox 770 1250 801 1274; x_wconf 90' lang='lat' dir='ltr'><strong>et</strong></span> <span class='ocrx_word' id='word_1_168' title='bbox 817 1243 896 1274; x_wconf 83' lang='lat' dir='ltr'><strong>ratio</strong></span> <span class='ocrx_word' id='word_1_169' title='bbox 912 1249 945 1273; x_wconf 81' lang='lat' dir='ltr'><strong>et</strong></span> <span class='ocrx_word' id='word_1_170' title='bbox 957 1243 1151 1273; x_wconf 85' lang='lat' dir='ltr'><strong>conscientia</strong></span> <span class='ocrx_word' id='word_1_171' title='bbox 1166 1254 1203 1273; x_wconf 93' lang='lat' dir='ltr'><strong>eo</strong></span> <span class='ocrx_word' id='word_1_172' title='bbox 1219 1243 1443 1285; x_wconf 82' lang='lat' dir='ltr'><strong>pervenerint,</strong></span> <span class='ocrx_word' id='word_1_173' title='bbox 1466 1250 1503 1275; x_wconf 86' lang='lat' dir='ltr'><strong>ut</strong></span> <span class='ocrx_word' id='word_1_174' title='bbox 1523 1244 1619 1276; x_wconf 88' lang='lat' dir='ltr'><strong>homo</strong></span> 
     </span>
     <span class='ocr_line' id='line_1_20' title="bbox 276 1295 1619 1343; baseline -0.003 -11"><span class='ocrx_word' id='word_1_175' title='bbox 276 1303 393 1333; x_wconf 86' lang='lat' dir='ltr'><strong>sentiat</strong></span> <span class='ocrx_word' id='word_1_176' title='bbox 416 1312 449 1332; x_wconf 89' lang='lat' dir='ltr'><strong>se</strong></span> <span class='ocrx_word' id='word_1_177' title='bbox 473 1300 512 1331; x_wconf 87' lang='lat' dir='ltr'><strong>ad</strong></span> <span class='ocrx_word' id='word_1_178' title='bbox 539 1298 656 1343; x_wconf 85' lang='lat' dir='ltr'><strong>majora</strong></span> <span class='ocrx_word' id='word_1_179' title='bbox 683 1309 750 1329; x_wconf 83' lang='lat' dir='ltr'><strong>esse</strong></span> <span class='ocrx_word' id='word_1_180' title='bbox 772 1297 967 1328; x_wconf 87' lang='lat' dir='ltr'><strong>destinatum</strong></span> <span class='ocrx_word' id='word_1_181' title='bbox 991 1307 1090 1339; x_wconf 82' lang='lat' dir='ltr'><strong>quam</strong></span> <span class='ocrx_word' id='word_1_182' title='bbox 1113 1295 1243 1336; x_wconf 77' lang='lat' dir='ltr'><strong>bestia53</strong></span> <span class='ocrx_word' id='word_1_183' title='bbox 1275 1302 1387 1339; x_wconf 85' lang='lat' dir='ltr'><strong>sponte</strong></span> <span class='ocrx_word' id='word_1_184' title='bbox 1412 1297 1519 1327; x_wconf 82' lang='lat' dir='ltr'><strong>liaecce</strong></span> <span class='ocrx_word' id='word_1_185' title='bbox 1542 1298 1619 1328; x_wconf 88' lang='lat' dir='ltr'><strong>fides</strong></span> 
     </span>
     <span class='ocr_line' id='line_1_21' title="bbox 276 1350 1618 1399; baseline -0.003 -13"><span class='ocrx_word' id='word_1_186' title='bbox 276 1356 383 1399; x_wconf 85' lang='lat' dir='ltr'><strong>prodit</strong></span> <span class='ocrx_word' id='word_1_187' title='bbox 410 1355 640 1397; x_wconf 84' lang='lat' dir='ltr'><strong>altissimasque</strong></span> <span class='ocrx_word' id='word_1_188' title='bbox 664 1354 729 1397; x_wconf 83' lang='lat' dir='ltr'><strong>agit</strong></span> <span class='ocrx_word' id='word_1_189' title='bbox 751 1351 882 1383; x_wconf 83' lang='lat' dir='ltr'><strong>radices.</strong></span> <span class='ocrx_word' id='word_1_190' title='bbox 914 1350 993 1382; x_wconf 85' lang='lat' dir='ltr'><strong>Inde</strong></span> <span class='ocrx_word' id='word_1_191' title='bbox 1017 1351 1139 1381; x_wconf 88' lang='lat' dir='ltr'><strong>factum</strong></span> <span class='ocrx_word' id='word_1_192' title='bbox 1161 1355 1221 1389; x_wconf 86' lang='lat' dir='ltr'><strong>est,</strong></span> <span class='ocrx_word' id='word_1_193' title='bbox 1249 1355 1285 1381; x_wconf 89' lang='lat' dir='ltr'><strong>ut</strong></span> <span class='ocrx_word' id='word_1_194' title='bbox 1306 1350 1379 1382; x_wconf 83' lang='lat' dir='ltr'><strong>vitae</strong></span> <span class='ocrx_word' id='word_1_195' title='bbox 1400 1356 1529 1382; x_wconf 86' lang='lat' dir='ltr'><strong>aeternae</strong></span> <span class='ocrx_word' id='word_1_196' title='bbox 1548 1362 1618 1393; x_wconf 85' lang='lat' dir='ltr'><strong>spes</strong></span> 
     </span>
     <span class='ocr_line' id='line_1_22' title="bbox 277 1403 1618 1448; baseline -0.004 -7"><span class='ocrx_word' id='word_1_197' title='bbox 277 1416 341 1441; x_wconf 80' lang='lat' dir='ltr'><strong>tam</strong></span> <span class='ocrx_word' id='word_1_198' title='bbox 368 1410 452 1440; x_wconf 86' lang='lat' dir='ltr'><strong>iuter</strong></span> <span class='ocrx_word' id='word_1_199' title='bbox 475 1419 584 1440; x_wconf 88' lang='lat' dir='ltr'><strong>omues</strong></span> <span class='ocrx_word' id='word_1_200' title='bbox 606 1407 754 1439; x_wconf 90' lang='lat' dir='ltr'><strong>mortales</strong></span> <span class='ocrx_word' id='word_1_201' title='bbox 775 1406 815 1437; x_wconf 86' lang='lat' dir='ltr'><strong>sit</strong></span> <span class='ocrx_word' id='word_1_202' title='bbox 832 1411 1004 1448; x_wconf 85' lang='lat' dir='ltr'><strong>propagata</strong></span> <span class='ocrx_word' id='word_1_203' title='bbox 1018 1429 1026 1443; x_wconf 94' lang='lat'><strong>,</strong></span> <span class='ocrx_word' id='word_1_204' title='bbox 1043 1410 1081 1435; x_wconf 85' lang='lat' dir='ltr'><strong>ut</strong></span> <span class='ocrx_word' id='word_1_205' title='bbox 1102 1415 1142 1435; x_wconf 91' lang='lat' dir='ltr'><strong>ne</strong></span> <span class='ocrx_word' id='word_1_206' title='bbox 1161 1403 1257 1435; x_wconf 87' lang='lat' dir='ltr'><strong>rudes</strong></span> <span class='ocrx_word' id='word_1_207' title='bbox 1278 1403 1409 1446; x_wconf 88' lang='lat' dir='ltr'><strong>quidem</strong></span> <span class='ocrx_word' id='word_1_208' title='bbox 1430 1410 1462 1434; x_wconf 91' lang='lat' dir='ltr'><strong>et</strong></span> <span class='ocrx_word' id='word_1_209' title='bbox 1487 1403 1618 1436; x_wconf 84' lang='lat' dir='ltr'><strong>incultae</strong></span> 
     </span>
     <span class='ocr_line' id='line_1_23' title="bbox 276 1456 1619 1506; baseline -0.004 -12"><span class='ocrx_word' id='word_1_210' title='bbox 276 1469 388 1506; x_wconf 79' lang='lat' dir='ltr'><strong>gentes</strong></span> <span class='ocrx_word' id='word_1_211' title='bbox 413 1474 484 1494; x_wconf 88' lang='lat' dir='ltr'><strong>eam</strong></span> <span class='ocrx_word' id='word_1_212' title='bbox 509 1463 680 1505; x_wconf 79' lang='lat' dir='ltr'><strong>ignorent3</strong></span> <span class='ocrx_word' id='word_1_213' title='bbox 710 1461 771 1491; x_wconf 84' lang='lat' dir='ltr'><strong>nisi</strong></span> <span class='ocrx_word' id='word_1_214' title='bbox 799 1459 930 1490; x_wconf 81' lang='lat' dir='ltr'><strong>fortasse</strong></span> <span class='ocrx_word' id='word_1_215' title='bbox 959 1458 993 1488; x_wconf 93' lang='lat' dir='ltr'><strong>in</strong></span> <span class='ocrx_word' id='word_1_216' title='bbox 1021 1463 1109 1488; x_wconf 82' lang='lat' dir='ltr'><strong>tanta</strong></span> <span class='ocrx_word' id='word_1_217' title='bbox 1138 1456 1245 1488; x_wconf 82' lang='lat' dir='ltr'><strong>adhuc</strong></span> <span class='ocrx_word' id='word_1_218' title='bbox 1272 1456 1390 1499; x_wconf 84' lang='lat' dir='ltr'><strong>degant</strong></span> <span class='ocrx_word' id='word_1_219' title='bbox 1416 1456 1561 1488; x_wconf 87' lang='lat' dir='ltr'><strong>barbarie</strong></span> <span class='ocrx_word' id='word_1_220' title='bbox 1587 1463 1619 1489; x_wconf 74' lang='lat' dir='ltr'><strong>et</strong></span> 
     </span>
     <span class='ocr_line' id='line_1_24' title="bbox 276 1510 1619 1557; baseline -0.004 -10"><span class='ocrx_word' id='word_1_221' title='bbox 276 1516 531 1555; x_wconf 80' lang='lat' dir='ltr'><strong>inhumanitate,</strong></span> <span class='ocrx_word' id='word_1_222' title='bbox 558 1521 596 1546; x_wconf 91' lang='lat' dir='ltr'><strong>ut</strong></span> <span class='ocrx_word' id='word_1_223' title='bbox 619 1514 704 1557; x_wconf 91' lang='lat' dir='ltr'><strong>quod</strong></span> <span class='ocrx_word' id='word_1_224' title='bbox 726 1514 810 1544; x_wconf 86' lang='lat' dir='ltr'><strong>inter</strong></span> <span class='ocrx_word' id='word_1_225' title='bbox 829 1512 993 1543; x_wconf 86' lang='lat' dir='ltr'><strong>hominem</strong></span> <span class='ocrx_word' id='word_1_226' title='bbox 1015 1516 1048 1541; x_wconf 83' lang='lat' dir='ltr'><strong>et</strong></span> <span class='ocrx_word' id='word_1_227' title='bbox 1070 1510 1167 1542; x_wconf 87' lang='lat' dir='ltr'><strong>vilem</strong></span> <span class='ocrx_word' id='word_1_228' title='bbox 1190 1510 1348 1553; x_wconf 88' lang='lat' dir='ltr'><strong>pecudem</strong></span> <span class='ocrx_word' id='word_1_229' title='bbox 1374 1511 1520 1551; x_wconf 86' lang='lat' dir='ltr'><strong>intersit,</strong></span> <span class='ocrx_word' id='word_1_230' title='bbox 1543 1522 1619 1543; x_wconf 87' lang='lat' dir='ltr'><strong>nes-</strong></span> 
     </span>
     <span class='ocr_line' id='line_1_25' title="bbox 277 1564 1618 1600; baseline -0.001 0"><span class='ocrx_word' id='word_1_231' title='bbox 277 1571 373 1600; x_wconf 86' lang='lat' dir='ltr'><strong>ciant.</strong></span> <span class='ocrx_word' id='word_1_232' title='bbox 408 1569 486 1600; x_wconf 88' lang='lat' dir='ltr'><strong>Iude</strong></span> <span class='ocrx_word' id='word_1_233' title='bbox 512 1569 606 1600; x_wconf 86' lang='lat' dir='ltr'><strong>etiam</strong></span> <span class='ocrx_word' id='word_1_234' title='bbox 634 1569 741 1600; x_wconf 84' lang='lat' dir='ltr'><strong>haecce</strong></span> <span class='ocrx_word' id='word_1_235' title='bbox 765 1566 842 1598; x_wconf 89' lang='lat' dir='ltr'><strong>fides</strong></span> <span class='ocrx_word' id='word_1_236' title='bbox 866 1565 916 1597; x_wconf 86' lang='lat' dir='ltr'><strong>vel</strong></span> <span class='ocrx_word' id='word_1_237' title='bbox 943 1564 1121 1596; x_wconf 80' lang='lat' dir='ltr'><strong>infantibus</strong></span> <span class='ocrx_word' id='word_1_238' title='bbox 1147 1564 1243 1596; x_wconf 89' lang='lat' dir='ltr'><strong>simul</strong></span> <span class='ocrx_word' id='word_1_239' title='bbox 1277 1576 1313 1595; x_wconf 86' lang='lat' dir='ltr'><strong>ac</strong></span> <span class='ocrx_word' id='word_1_240' title='bbox 1344 1564 1515 1596; x_wconf 86' lang='lat' dir='ltr'><strong>discrimen</strong></span> <span class='ocrx_word' id='word_1_241' title='bbox 1542 1565 1618 1598; x_wconf 88' lang='lat' dir='ltr'><strong>boni</strong></span> 
     </span>
     <span class='ocr_line' id='line_1_26' title="bbox 277 1618 1617 1666; baseline -0.002 -12"><span class='ocrx_word' id='word_1_242' title='bbox 277 1623 418 1666; x_wconf 88' lang='lat' dir='ltr'><strong>malique</strong></span> <span class='ocrx_word' id='word_1_243' title='bbox 439 1627 677 1665; x_wconf 82' lang='lat' dir='ltr'><strong>cognoverunt,</strong></span> <span class='ocrx_word' id='word_1_244' title='bbox 702 1620 780 1652; x_wconf 85' lang='lat' dir='ltr'><strong>adeo</strong></span> <span class='ocrx_word' id='word_1_245' title='bbox 801 1625 889 1663; x_wconf 83' lang='lat' dir='ltr'><strong>grata</strong></span> <span class='ocrx_word' id='word_1_246' title='bbox 912 1625 958 1649; x_wconf 85' lang='lat' dir='ltr'><strong>est</strong></span> <span class='ocrx_word' id='word_1_247' title='bbox 980 1624 1012 1650; x_wconf 86' lang='lat' dir='ltr'><strong>et</strong></span> <span class='ocrx_word' id='word_1_248' title='bbox 1033 1624 1179 1661; x_wconf 88' lang='lat' dir='ltr'><strong>accepta,</strong></span> <span class='ocrx_word' id='word_1_249' title='bbox 1205 1624 1243 1650; x_wconf 90' lang='lat' dir='ltr'><strong>ut</strong></span> <span class='ocrx_word' id='word_1_250' title='bbox 1262 1618 1345 1649; x_wconf 88' lang='lat' dir='ltr'><strong>nihil</strong></span> <span class='ocrx_word' id='word_1_251' title='bbox 1370 1620 1478 1662; x_wconf 84' lang='lat' dir='ltr'><strong>magis.</strong></span> <span class='ocrx_word' id='word_1_252' title='bbox 1506 1620 1617 1659; x_wconf 81' lang='lat' dir='ltr'><strong>Quid‘?</strong></span> 
     </span>
     <span class='ocr_line' id='line_1_27' title="bbox 277 1672 1617 1719; baseline -0.001 -12"><span class='ocrx_word' id='word_1_253' title='bbox 277 1676 363 1719; x_wconf 90' lang='lat' dir='ltr'><strong>quod</strong></span> <span class='ocrx_word' id='word_1_254' title='bbox 378 1676 484 1707; x_wconf 82' lang='lat' dir='ltr'><strong>haecce</strong></span> <span class='ocrx_word' id='word_1_255' title='bbox 505 1676 598 1715; x_wconf 82' lang='lat' dir='ltr'><strong>fides,</strong></span> <span class='ocrx_word' id='word_1_256' title='bbox 619 1681 781 1718; x_wconf 87' lang='lat' dir='ltr'><strong>tamquam</strong></span> <span class='ocrx_word' id='word_1_257' title='bbox 797 1674 932 1717; x_wconf 85' lang='lat' dir='ltr'><strong>pretiosa</strong></span> <span class='ocrx_word' id='word_1_258' title='bbox 949 1672 1095 1716; x_wconf 84' lang='lat' dir='ltr'><strong>quaedam</strong></span> <span class='ocrx_word' id='word_1_259' title='bbox 1113 1679 1145 1704; x_wconf 91' lang='lat' dir='ltr'><strong>et</strong></span> <span class='ocrx_word' id='word_1_260' title='bbox 1164 1672 1306 1715; x_wconf 84' lang='lat' dir='ltr'><strong>jucunda</strong></span> <span class='ocrx_word' id='word_1_261' title='bbox 1323 1674 1488 1716; x_wconf 78' lang='lat' dir='ltr'><strong>possessio,</strong></span> <span class='ocrx_word' id='word_1_262' title='bbox 1511 1675 1617 1705; x_wconf 86' lang='lat' dir='ltr'><strong>omni-</strong></span> 
     </span>
     <span class='ocr_line' id='line_1_28' title="bbox 276 1727 1617 1773; baseline -0.002 -11"><span class='ocrx_word' id='word_1_263' title='bbox 276 1731 336 1762; x_wconf 89' lang='lat' dir='ltr'><strong>bus</strong></span> <span class='ocrx_word' id='word_1_264' title='bbox 366 1742 523 1773; x_wconf 86' lang='lat' dir='ltr'><strong>perquam</strong></span> <span class='ocrx_word' id='word_1_265' title='bbox 553 1741 638 1761; x_wconf 89' lang='lat' dir='ltr'><strong>curae</strong></span> <span class='ocrx_word' id='word_1_266' title='bbox 666 1735 699 1760; x_wconf 85' lang='lat' dir='ltr'><strong>et</strong></span> <span class='ocrx_word' id='word_1_267' title='bbox 729 1728 816 1760; x_wconf 83' lang='lat' dir='ltr'><strong>cordi</strong></span> <span class='ocrx_word' id='word_1_268' title='bbox 845 1734 911 1768; x_wconf 87' lang='lat' dir='ltr'><strong>est,</strong></span> <span class='ocrx_word' id='word_1_269' title='bbox 941 1734 1038 1771; x_wconf 85' lang='lat' dir='ltr'><strong>atque</strong></span> <span class='ocrx_word' id='word_1_270' title='bbox 1067 1739 1106 1759; x_wconf 85' lang='lat' dir='ltr'><strong>ex</strong></span> <span class='ocrx_word' id='word_1_271' title='bbox 1133 1727 1271 1758; x_wconf 87' lang='lat' dir='ltr'><strong>hominis</strong></span> <span class='ocrx_word' id='word_1_272' title='bbox 1304 1727 1431 1766; x_wconf 83' lang='lat' dir='ltr'><strong>animo,</strong></span> <span class='ocrx_word' id='word_1_273' title='bbox 1470 1729 1617 1769; x_wconf 89' lang='lat' dir='ltr'><strong>quamvis</strong></span> 
     </span>
     <span class='ocr_line' id='line_1_29' title="bbox 276 1781 1617 1828; baseline -0.001 -12"><span class='ocrx_word' id='word_1_274' title='bbox 276 1785 392 1828; x_wconf 74' lang='lat' dir='ltr'><strong>saepius</strong></span> <span class='ocrx_word' id='word_1_275' title='bbox 420 1783 620 1823; x_wconf 83' lang='lat' dir='ltr'><strong>nonhabet,</strong></span> <span class='ocrx_word' id='word_1_276' title='bbox 661 1783 748 1826; x_wconf 90' lang='lat' dir='ltr'><strong>quod</strong></span> <span class='ocrx_word' id='word_1_277' title='bbox 773 1782 811 1814; x_wconf 89' lang='lat' dir='ltr'><strong>ad</strong></span> <span class='ocrx_word' id='word_1_278' title='bbox 841 1784 1022 1814; x_wconf 78' lang='lat' dir='ltr'><strong>artificiosas</strong></span> <span class='ocrx_word' id='word_1_279' title='bbox 1050 1782 1264 1825; x_wconf 82' lang='lat' dir='ltr'><strong>sophistarum</strong></span> <span class='ocrx_word' id='word_1_280' title='bbox 1292 1781 1430 1812; x_wconf 89' lang='lat' dir='ltr'><strong>rationes</strong></span> <span class='ocrx_word' id='word_1_281' title='bbox 1458 1781 1617 1825; x_wconf 86' lang='lat' dir='ltr'><strong>falsasque</strong></span> 
     </span>
     <span class='ocr_line' id='line_1_30' title="bbox 276 1834 1617 1882; baseline -0.002 -12"><span class='ocrx_word' id='word_1_282' title='bbox 276 1838 497 1882; x_wconf 87' lang='lat' dir='ltr'><strong>improborum</strong></span> <span class='ocrx_word' id='word_1_283' title='bbox 519 1838 812 1881; x_wconf 83' lang='lat' dir='ltr'><strong>argumentationes</strong></span> <span class='ocrx_word' id='word_1_284' title='bbox 833 1838 1041 1880; x_wconf 82' lang='lat' dir='ltr'><strong>respondeat,</strong></span> <span class='ocrx_word' id='word_1_285' title='bbox 1063 1835 1131 1867; x_wconf 87' lang='lat' dir='ltr'><strong>tolli</strong></span> <span class='ocrx_word' id='word_1_286' title='bbox 1152 1842 1249 1878; x_wconf 86' lang='lat' dir='ltr'><strong>atque</strong></span> <span class='ocrx_word' id='word_1_287' title='bbox 1270 1834 1368 1866; x_wconf 87' lang='lat' dir='ltr'><strong>deleri</strong></span> <span class='ocrx_word' id='word_1_288' title='bbox 1390 1835 1525 1877; x_wconf 73' lang='lat' dir='ltr'><strong>nequit?</strong></span> <span class='ocrx_word' id='word_1_289' title='bbox 1549 1836 1617 1867; x_wconf 84' lang='lat' dir='ltr'><strong>Stat</strong></span> 
     </span>
     <span class='ocr_line' id='line_1_31' title="bbox 276 1888 1615 1935; baseline -0.002 -12"><span class='ocrx_word' id='word_1_290' title='bbox 276 1893 329 1924; x_wconf 86' lang='lat' dir='ltr'><strong>illa</strong></span> <span class='ocrx_word' id='word_1_291' title='bbox 351 1893 441 1924; x_wconf 87' lang='lat' dir='ltr'><strong>firma</strong></span> <span class='ocrx_word' id='word_1_292' title='bbox 460 1898 493 1923; x_wconf 86' lang='lat' dir='ltr'><strong>et</strong></span> <span class='ocrx_word' id='word_1_293' title='bbox 512 1893 714 1931; x_wconf 87' lang='lat' dir='ltr'><strong>inconcussa,</strong></span> <span class='ocrx_word' id='word_1_294' title='bbox 734 1897 766 1922; x_wconf 91' lang='lat' dir='ltr'><strong>et</strong></span> <span class='ocrx_word' id='word_1_295' title='bbox 784 1893 840 1935; x_wconf 91' lang='lat' dir='ltr'><strong>qui</strong></span> <span class='ocrx_word' id='word_1_296' title='bbox 862 1892 945 1923; x_wconf 76' lang='lat' dir='ltr'><strong>lianc</strong></span> <span class='ocrx_word' id='word_1_297' title='bbox 967 1890 1062 1922; x_wconf 85' lang='lat' dir='ltr'><strong>fidem</strong></span> <span class='ocrx_word' id='word_1_298' title='bbox 1083 1889 1249 1921; x_wconf 86' lang='lat' dir='ltr'><strong>debilitare</strong></span> <span class='ocrx_word' id='word_1_299' title='bbox 1268 1888 1318 1921; x_wconf 79' lang='lat' dir='ltr'><strong>vel</strong></span> <span class='ocrx_word' id='word_1_300' title='bbox 1338 1888 1450 1920; x_wconf 92' lang='lat' dir='ltr'><strong>tollere</strong></span> <span class='ocrx_word' id='word_1_301' title='bbox 1466 1895 1615 1929; x_wconf 85' lang='lat' dir='ltr'><strong>conatur,</strong></span> 
     </span>
     <span class='ocr_line' id='line_1_32' title="bbox 277 1943 1615 1991; baseline -0.004 -13"><span class='ocrx_word' id='word_1_302' title='bbox 277 1947 396 1991; x_wconf 88' lang='lat' dir='ltr'><strong>impius</strong></span> <span class='ocrx_word' id='word_1_303' title='bbox 417 1953 450 1978; x_wconf 88' lang='lat' dir='ltr'><strong>et</strong></span> <span class='ocrx_word' id='word_1_304' title='bbox 469 1946 607 1977; x_wconf 91' lang='lat' dir='ltr'><strong>hominis</strong></span> <span class='ocrx_word' id='word_1_305' title='bbox 632 1947 762 1978; x_wconf 87' lang='lat' dir='ltr'><strong>nomine</strong></span> <span class='ocrx_word' id='word_1_306' title='bbox 785 1946 937 1990; x_wconf 87' lang='lat' dir='ltr'><strong>indignus</strong></span> <span class='ocrx_word' id='word_1_307' title='bbox 957 1945 997 1977; x_wconf 85' lang='lat' dir='ltr'><strong>ab</strong></span> <span class='ocrx_word' id='word_1_308' title='bbox 1018 1943 1165 1976; x_wconf 74' lang='lat' dir='ltr'><strong>omnibus</strong></span> <span class='ocrx_word' id='word_1_309' title='bbox 1186 1949 1350 1984; x_wconf 84' lang='lat' dir='ltr'><strong>censetur,</strong></span> <span class='ocrx_word' id='word_1_310' title='bbox 1373 1943 1495 1986; x_wconf 88' lang='lat' dir='ltr'><strong>quippe</strong></span> <span class='ocrx_word' id='word_1_311' title='bbox 1518 1953 1615 1986; x_wconf 90' lang='lat' dir='ltr'><strong>quem</strong></span> 
     </span>
     <span class='ocr_line' id='line_1_33' title="bbox 276 2016 1609 2029; baseline -0.004 -2"><span class='ocrx_word' id='word_1_312' title='bbox 276 2016 1609 2029; x_wconf 53' lang='grc' dir='ltr'><strong>Μ</strong></span> 
     </span>
    </p>
   </div>
   <div class='ocr_carea' id='block_1_3' title="bbox 277 2057 1611 2134">
    <p class='ocr_par' dir='ltr' id='par_1_4' title="bbox 277 2057 1611 2134">
     <span class='ocr_line' id='line_1_34' title="bbox 307 2057 1611 2092; baseline -0.005 -7"><span class='ocrx_word' id='word_1_313' title='bbox 307 2062 352 2092; x_wconf 87' lang='grc' dir='ltr'><strong>(ι)</strong></span> <span class='ocrx_word' id='word_1_314' title='bbox 368 2061 409 2084; x_wconf 83' lang='lat' dir='ltr'><strong>Cf.</strong></span> <span class='ocrx_word' id='word_1_315' title='bbox 429 2060 464 2084; x_wconf 90' lang='lat' dir='ltr'><strong>G.</strong></span> <span class='ocrx_word' id='word_1_316' title='bbox 481 2060 528 2085; x_wconf 90' lang='lat' dir='ltr'><strong>W.</strong></span> <span class='ocrx_word' id='word_1_317' title='bbox 545 2060 650 2084; x_wconf 83' lang='lat' dir='ltr'><strong>Gerlach</strong></span> <span class='ocrx_word' id='word_1_318' title='bbox 667 2060 717 2084; x_wconf 83' lang='lat' dir='ltr'><strong>vir.</strong></span> <span class='ocrx_word' id='word_1_319' title='bbox 738 2060 770 2083; x_wconf 89' lang='lat' dir='ltr'><strong>cl.</strong></span> <span class='ocrx_word' id='word_1_320' title='bbox 789 2060 923 2083; x_wconf 80' lang='lat' dir='ltr'><strong>Grundriss</strong></span> <span class='ocrx_word' id='word_1_321' title='bbox 935 2060 963 2083; x_wconf 80' lang='lat' dir='ltr'><strong>de</strong></span> <span class='ocrx_word' id='word_1_322' title='bbox 979 2057 1259 2091; x_wconf 80' lang='lat' dir='ltr'><strong>religionsphilosophie.</strong></span> <span class='ocrx_word' id='word_1_323' title='bbox 1277 2057 1363 2084; x_wconf 80' lang='lat' dir='ltr'><strong>Hane,</strong></span> <span class='ocrx_word' id='word_1_324' title='bbox 1384 2057 1452 2080; x_wconf 80' lang='lat'>1818.</span> <span class='ocrx_word' id='word_1_325' title='bbox 1470 2057 1482 2088; x_wconf 84' lang='lat'>§</span> <span class='ocrx_word' id='word_1_326' title='bbox 1497 2064 1611 2088; x_wconf 76' lang='lat'>119-122.</span> 
     </span>
     <span class='ocr_line' id='line_1_35' title="bbox 277 2098 1403 2134; baseline -0.004 -8"><span class='ocrx_word' id='word_1_327' title='bbox 277 2110 304 2134; x_wconf 76' lang='lat' dir='ltr'><strong>p.</strong></span> <span class='ocrx_word' id='word_1_328' title='bbox 328 2102 369 2133; x_wconf 83' lang='lat'><strong>¹74</strong></span> <span class='ocrx_word' id='word_1_329' title='bbox 384 2110 440 2134; x_wconf 49' lang='lat' dir='ltr'><strong>sqq</strong></span> <span class='ocrx_word' id='word_1_330' title='bbox 458 2101 506 2127; x_wconf 86' lang='lat' dir='ltr'><strong>W.</strong></span> <span class='ocrx_word' id='word_1_331' title='bbox 525 2102 557 2125; x_wconf 88' lang='lat' dir='ltr'><strong>T.</strong></span> <span class='ocrx_word' id='word_1_332' title='bbox 574 2102 656 2133; x_wconf 85' lang='lat' dir='ltr'><strong>Krng,</strong></span> <span class='ocrx_word' id='word_1_333' title='bbox 673 2106 764 2132; x_wconf 74' lang='lat' dir='ltr'><strong>system</strong></span> <span class='ocrx_word' id='word_1_334' title='bbox 781 2101 822 2125; x_wconf 91' lang='lat' dir='ltr'><strong>der</strong></span> <span class='ocrx_word' id='word_1_335' title='bbox 835 2101 986 2132; x_wconf 70' lang='lat' dir='ltr'><strong>practischen</strong></span> <span class='ocrx_word' id='word_1_336' title='bbox 1000 2100 1143 2132; x_wconf 77' lang='lat' dir='ltr'><strong>philosoph,</strong></span> <span class='ocrx_word' id='word_1_337' title='bbox 1162 2101 1199 2123; x_wconf 88' lang='lat'><strong>111</strong></span> <span class='ocrx_word' id='word_1_338' title='bbox 1213 2098 1284 2122; x_wconf 73' lang='lat' dir='ltr'><strong>iheu.</strong></span> <span class='ocrx_word' id='word_1_339' title='bbox 1306 2098 1318 2129; x_wconf 83' lang='lat'>§</span> <span class='ocrx_word' id='word_1_340' title='bbox 1336 2108 1350 2130; x_wconf 86' lang='lat'><strong>9</strong></span> <span class='ocrx_word' id='word_1_341' title='bbox 1366 2106 1403 2130; x_wconf 86' lang='lat' dir='ltr'><strong>sq.</strong></span> 
     </span>
    </p>
   </div>
  </div>
 </body>
</html>
