1747 2620
910 265 1023 308 (32)

709 388 888 420 CAPUT
946 388 1206 419 TERTIUM.

342 507 524 532 ARGUMENTA
552 504 695 527 rnAcTwA
721 505 786 524 SIVE
814 503 948 524 monum
976 504 1042 530 QUAE
1069 505 1202 525 lunonem
1228 504 1353 525 nomims
1379 503 1524 524 MORALEM
1547 504 1585 525 ΕΤ

587 566 838 588 GUBERNATIONEM
866 567 960 586 MUNDI
988 566 1135 587 MORALEM
1167 567 1326 588 SPECTANT.

339 659 376 688 In
399 654 584 688 adhibendis
606 653 653 685 his
673 664 730 696 pro
756 653 935 683 animorum
958 652 1194 683 immortalitate
1215 652 1409 693 rationibus,
1434 654 1477 684 ita
1502 654 1619 685 versari

294 711 396 742 solent
413 707 609 752 philosophi,
631 712 668 738 ut
688 717 752 736 non
772 705 851 736 adeo
871 704 1087 736 demonstrare
1107 704 1194 736 illam
1216 711 1389 745 conentur,
1409 706 1619 748 quemadmo-

294 765 371 795 dum
393 763 513 794 factum
534 766 581 792 est
609 760 643 791 in
667 758 939 801 praecedentibus,
970 759 1024 790 sed
1048 760 1244 802 argumentis
1266 760 1314 791 usi
1341 759 1525 803 subjectivis
1547 770 1619 790 cre-

293 815 428 847 dendam
458 824 523 845 esse
549 812 636 843 illam
663 818 695 842 et
717 812 893 842 firmissima
920 811 981 842 fide
1005 811 1259 854 amplectendam
1285 818 1436 843 statuant.
1468 812 1619 854 Spectant

292 870 360 899 haec
387 871 574 910 argumenta
603 864 753 895 moralem
776 864 913 896 hominis
936 864 1076 895 indolem
1101 865 1279 908 mundique
1300 864 1565 908 gubernationem
1586 871 1619 896 et

293 922 437 952 ordinem
458 919 620 951 moralem.
651 917 714 948 Nos
735 917 866 960 quidem
890 928 954 959 quo
976 918 1089 949 melius
1112 929 1150 948 ex
1172 918 1434 960 philosophorum
1461 919 1618 949 sententia

292 975 398 1004 haecce
420 972 573 1014 expositio
600 969 765 1013 procedat,
792 969 971 1001 videbimus
993 970 1097 1012 primo
1119 981 1159 1000 an
1185 970 1311 1001 moralis
1335 970 1472 1001 hominis
1496 971 1618 1002 indoles

292 1027 331 1058 ad
352 1026 435 1057 hanc
460 1024 555 1055 fidem
580 1023 695 1063 ducat;
721 1022 836 1053 deinde
857 1033 1053 1065 exponemus
1076 1022 1234 1064 quomodo
1258 1022 1406 1054 subtilius
1431 1022 1492 1053 hoc
1519 1034 1618 1065 argu-

290 1085 439 1111 mentum
461 1077 577 1109 urserit
596 1076 702 1107 schola
723 1075 858 1115 Critica3
884 1074 1024 1117 denique
1045 1075 1197 1106 moralem
1218 1075 1331 1106 mundi
1351 1075 1617 1118 gubernationem

292 1132 331 1163 ad
356 1131 489 1163 eandem
509 1130 746 1173 persuasionem
765 1140 822 1160 nos
841 1127 1000 1160 adducere
1023 1138 1061 1159 ex
1083 1127 1346 1170 philosophorum
1367 1128 1491 1171 placitis
1516 1128 1616 1160 adde·-

289 1195 371 1216 mUS.

914 1265 938 1307 g
982 1266 1007 1296 1.

286 1371 416 1393 MORALIS
439 1371 582 1392 HOMINUM
605 1370 730 1390 INDOLES
753 1368 791 1389 AD
820 1367 996 1389 CREDENDAM
1023 1368 1186 1390 ANIMORUM
1213 1369 1487 1390 IMMORTALITATEM
1512 1370 1612 1390 DUCIT.

329 1457 450 1487 Omnes
475 1467 532 1486 nos
553 1455 699 1487 homines
724 1454 948 1486 conscientiam
973 1453 1082 1496 legum
1103 1455 1183 1485 recti
1202 1459 1235 1485 et
1259 1453 1383 1485 honesti
1408 1454 1448 1486 ad
1475 1465 1614 1497 quarum

285 1509 497 1540 obedientiam
524 1508 665 1540 obstricti
686 1519 812 1547 sumus,
834 1508 935 1539 menti
956 1514 1070 1539 nostrae
1090 1508 1217 1539 insitam
1244 1509 1409 1539 sentimus.
1450 1508 1613 1547 Quicum-

284 1574 347 1605 que
366 1563 400 1593 in
421 1568 486 1593 toto
508 1568 665 1594 terrarum
692 1561 767 1593 orbe
788 1562 910 1604 degunt
930 1561 1095 1600 mortalem,
1127 1561 1272 1604 quamvis
1295 1561 1390 1592 rudes
1414 1567 1446 1592 et
1475 1561 1611 1601 inculti,

283 1615 381 1659 liujus
402 1616 601 1646 conscientiae
621 1615 707 1658 leges
729 1615 803 1658 justi
824 1621 856 1646 et
878 1615 1002 1646 honesti
1023 1614 1254 1657 praescribentis
1274 1614 1521 1657 deprehendunt
1545 1615 1610 1647 vim

282 1675 315 1700 et
339 1668 567 1699 efficacitatem.
611 1668 698 1707 Quid
725 1670 810 1700 enim
835 1668 916 1699 illud
943 1668 1149 1700 honestorum
1178 1679 1215 1699 ac
1240 1669 1384 1710 turpium
1412 1667 1610 1698 discrimen?

283 1721 371 1760 Quid
393 1721 446 1752 illa
472 1732 512 1752 ex
540 1727 626 1752 recte
649 1722 741 1752 factis
766 1721 873 1752 laetitia
897 1727 929 1752 et
959 1722 1057 1752 animi
1079 1721 1312 1764 tranquillitaS‚
1343 1726 1450 1751 contra
1481 1731 1499 1751 e
1527 1720 1610 1752 male

282 1774 374 1805 factis
397 1779 501 1804 metus
519 1779 551 1804 et
571 1773 726 1816 angores?
750 1774 838 1812 Quid
859 1774 947 1805 aliud
964 1775 1025 1805 nisi
1044 1774 1096 1805 lex
1120 1774 1265 1817 quaedam
1287 1773 1414 1804 moralis
1440 1773 1605 1813 omnibus,

282 1827 343 1858 nisi
364 1838 453 1857 mens
477 1825 571 1869 plane
592 1825 703 1858 obtusa
722 1828 777 1867 sit,
801 1826 900 1858 indita
922 1833 954 1858 et
975 1833 1109 1858 connata
1132 1839 1203 1870 quae
1231 1826 1423 1858 conscientia
1446 1827 1608 1857 actionum

282 1880 437 1912 bonarum
458 1886 514 1911 aut
529 1890 700 1922 pravarum
721 1880 773 1913 vel
788 1880 941 1923 approbat
954 1892 1010 1911 nos
1025 1880 1077 1913 vel
1094 1879 1245 1911 accusat?
1267 1879 1366 1922 Cujus
1384 1878 1514 1922 quidem
1528 1878 1608 1921 legis

283 1944 358 1965 cum
374 1933 486 1965 intimo
503 1933 638 1975 quisque
652 1944 746 1964 sensu
761 1935 916 1977 percipiat
930 1935 994 1966 vim
1010 1939 1043 1965 et
1057 1934 1278 1965 auctoritatem
1294 1934 1456 1964 neminem
1473 1933 1606 1975 impune

282 1998 352 2018 eam
373 1986 548 2029 transgredi
568 1997 672 2029 posse,
692 1987 788 2018 simul
808 1987 866 2018 sibi
886 1988 1021 2030 quisque
1041 1986 1222 2029 persuadet.

324 2039 413 2079 Quot
444 2045 551 2070 tamen
579 2040 666 2071 omni
696 2051 764 2074 aevo
790 2040 926 2075 fuerunt
956 2041 1121 2081 sceleratI,
1165 2040 1222 2083 qui
1254 2050 1327 2071 cum
1363 2049 1472 2070 omnes
1501 2047 1605 2069 mores
