1747 2620
903 253 1040 298 (102)

299 332 517 374 musculisque
538 341 596 362 nee
616 342 680 362 non
700 329 957 373 diaphragmate,
981 335 1129 371 totusque
1151 333 1253 359 morte
1272 326 1417 370 sepultus
1438 326 1520 371 jacet
1540 339 1633 370 orga—

298 389 430 420 nismus.
454 388 538 418 Dum
555 386 673 417 intacta
689 384 833 416 auricula
849 383 973 415 sinistra
993 381 1207 421 ventriculus,
1224 381 1280 424 qui
1295 381 1483 424 sanguinem
1499 381 1636 414 rubrum

298 444 331 474 in
353 449 471 473 aortam
492 440 658 484 propellit,
680 439 879 482 perforatur,
898 437 1027 479 sanguis
1045 435 1176 479 quidem
1197 447 1214 466 a
1230 435 1437 478 pulmonibus
1460 436 1636 468 vivificatus

298 503 330 528 et
350 495 451 527 redux·
476 495 509 525 in
535 492 712 524 auriculam
734 491 882 534 pervenit
904 495 935 520 et
955 489 994 520 ab
1010 490 1077 532 ipsa
1092 490 1125 520 in
1142 489 1359 520 ventriculum
1375 488 1517 533 ejusdem
1530 489 1636 520 lateris

298 549 503 592 propellitur,
528 546 581 577 sed
607 556 670 576 non
696 544 834 587 amplius
855 554 873 574 e
894 542 1075 575 ventriculo
1104 543 1137 573 in
1164 548 1285 574 aortam
1311 544 1434 586 pergit,
1466 549 1554 575 extra
1584 555 1638 575 cor

298 603 473 641 delabitur,
493 607 526 632 et
544 600 689 632 eamdem
706 598 746 630 ob
761 610 888 630 causam
907 597 1085 640 eodemque
1100 596 1210 636 mode,
1232 607 1328 638 quem
1347 598 1436 639 prius
1451 597 1637 637 citavimus,

297 657 495 699 organismus
510 654 574 687 vit&
592 653 789 685 destituitur.
813 653 869 684 Sin
886 657 1015 683 econtra
1033 663 1086 683 cor
1103 661 1256 682 venosum
1275 650 1410 682 laedatur
1426 651 1637 694 phaenomena

298 711 407 743 mortis
425 708 593 752 encephali
608 707 755 750 sequenti
772 706 864 738 modo
880 705 1150 749 progrediuntur:
1170 705 1195 736 si
1211 704 1354 736 auricula
1370 703 1422 736 vel
1439 705 1639 737 ventriculus

299 766 411 797 dexter
429 763 567 807 perfossa
583 767 675 801 sunt,
695 761 824 803 sanguis
839 761 895 803 qui
912 771 969 803 per
983 759 1073 790 binas
1089 770 1184 790 venas
1200 769 1291 790 cavas
1306 758 1345 789 ad
1360 759 1466 801 ipsum
1482 769 1638 790 venosum

298 830 351 850 cor
379 816 586 860 propellitur,
616 826 680 845 non
709 813 863 856 amplius⁷
890 814 939 844 uti
966 818 1075 851 antea,
1104 818 1190 843 trans
1214 813 1344 843 arterias
1373 812 1574 855 pulmonales
1598 813 1639 845 ad

297 877 486 915 apparatum
508 868 747 911 respiratorium
765 867 1007 904 transmittitur,
1028 877 1145 908 organa
1161 867 1360 909 respiratoria
1381 877 1470 898 suam
1495 866 1639 898 functio-

299 937 373 957 nem
390 936 452 955 nou
472 923 609 966 amplius
623 922 812 965 perficiunt,
831 922 951 963 quippe
967 922 1040 963 quia
1058 921 1230 962 sanguine,
1248 931 1344 962 quem
1360 921 1491 951 reficere
1504 920 1638 960 debent,

298 985 423 1011 carent:
454 983 608 1021 praeterea
639 987 713 1007 mox
739 975 868 1018 sanguis
893 974 995 1005 omnis
1021 974 1200 1016 organismo
1228 973 1459 1014 substrahitur‚
1488 975 1638 1017 peritque

299 1033 426 1065 tandem
444 1031 603 1075 perfossus
614 1029 801 1072 exsanguis,
820 1029 903 1071 perit
917 1028 1030 1071 magna
1046 1028 1207 1059 anxietate
1222 1038 1402 1070 oppressus,
1419 1038 1509 1068 nam,
1523 1034 1639 1071 praeter

300 1094 420 1119 atroces
435 1085 558 1116 dolores
574 1084 630 1127 qui
646 1095 664 1115 e
682 1083 817 1116 vulnere
833 1082 999 1121 oriuntur,
1015 1081 1149 1123 pressio,
1166 1092 1261 1124 quam
1278 1081 1407 1123 sanguis
1424 1087 1641 1113 extravasatus

299 1144 332 1173 in
355 1146 457 1172 totum
484 1144 596 1182 pectus
619 1143 764 1175 exercet,
793 1135 964 1166 infandum
986 1134 1164 1177 producere
1183 1134 1278 1165 debet
1298 1146 1460 1177 angorem.

343 1195 376 1226 Si
396 1205 485 1226 nunc
507 1202 601 1223 omne
622 1191 704 1222 illud
725 1189 811 1232 quod
833 1190 871 1221 de
893 1189 996 1220 cordis
1021 1188 1210 1221 vulneribus
1232 1188 1372 1220 diximus
1390 1190 1424 1220 in
1448 1201 1553 1221 unum
1572 1189 1641 1221 col-

299 1250 448 1292 ligimus,
483 1246 585 1284 hanc,
613 1245 648 1275 ni
677 1243 790 1283 fallor,
819 1249 960 1274 nostram
987 1242 1026 1273 de
1052 1242 1169 1273 horum
1194 1242 1372 1273 lethalitate
1401 1242 1640 1274 conclusionem

298 1303 443 1347 proferre
464 1309 649 1343 possumus:
669 1297 804 1330 vulnera
828 1307 901 1340 quae
922 1295 1025 1327 cordis
1044 1295 1253 1327 substantiam
1274 1301 1383 1326 secant
1400 1296 1641 1337 tantummodo,

297 1368 358 1389 nec
382 1355 549 1399 perforant
574 1352 802 1383 infaustissima
828 1350 960 1394 quidem
985 1356 1062 1381 sunt
1085 1355 1118 1380 et
1142 1349 1426 1392 periculosissima,
1451 1349 1507 1381 sed
1532 1356 1641 1381 tamen

299 1410 442 1442 absolute
467 1414 500 1440 et
525 1407 702 1438 necessarie
728 1417 793 1436 non
816 1411 949 1445 necant,
977 1406 1088 1447 itaque
1113 1404 1152 1438 ad
1179 1415 1237 1447 per
1261 1415 1293 1435 se
1316 1404 1446 1435 lethalia
1472 1404 1642 1437 referenda

299 1471 391 1505 sunt⁷
418 1475 483 1495 non
507 1473 583 1494 vero
609 1460 650 1492 ad
673 1459 816 1491 absolute
842 1458 1023 1497 mortifera,
1049 1458 1201 1500 quoniam
1224 1457 1365 1500 aliquam
1390 1468 1480 1500 spem
1499 1459 1642 1490 sanitatis

299 1519 494 1550 admittunt:
527 1515 663 1548 vulnera
697 1525 769 1556 quae
799 1512 944 1557 ejusdem
973 1522 1047 1544 vasa
1077 1511 1239 1542 coronaria
1269 1510 1473 1554 pertundunt
1502 1511 1641 1555 majora,

299 1584 425 1615 semper
444 1576 580 1602 mortem
604 1574 674 1612 post
693 1579 726 1599 se
750 1567 883 1599 trahunt
904 1572 937 1597 et
951 1565 1094 1596 absolute
1109 1564 1238 1596 lethalia
1259 1570 1350 1606 sunt3
1372 1564 1412 1596 ad
1430 1564 1516 1596 idem
1538 1576 1641 1608 genus

300 1627 444 1669 relegare
462 1624 616 1656 debemus
640 1632 860 1665 quascumque
879 1620 1001 1664 plagas,
1024 1631 1096 1663 quae
1117 1631 1171 1650 cor
1190 1619 1355 1662 perforant
1372 1625 1405 1650 et
1422 1620 1457 1651 in
1474 1619 1544 1663 ejus
1564 1631 1641 1652 cava

300 1684 490 1725 penetrant,
522 1677 671 1719 hancque
704 1675 850 1706 ultimam
886 1680 1026 1705 nostram
1055 1673 1239 1716 opinionem
1271 1673 1466 1717 optimorum
1495 1674 1640 1705 virorum

299 1733 466 1766 sententiis
489 1729 655 1763 suffultam
677 1727 832 1760 habemus
855 1728 913 1771 (1).

301 1800 1630 1816 —————-———-——-———

362 1844 395 1874 (1)
413 1841 579 1870 Hebenstreit‚
596 1847 651 1871 pag.
667 1840 721 1862 481.
735 1839 771 1862 De
784 1840 872 1866 Senac,
885 1839 903 1862 l.
914 1839 946 1866 l.,
961 1843 1019 1862 tom.
1033 1840 1066 1862 ΙΙ.
1079 1845 1132 1870 pag.
1144 1838 1197 1869 427.
1211 1838 1334 1867 Bohnius,
1350 1838 1378 1861 de
1391 1845 1505 1866 renuam,
1518 1845 1573 1868 pag.
1586 1837 1639 1860 258.

302 1886 420 1916 Metzger‚
439 1883 535 1906 zafdel.
551 1882 566 1904 4
583 1880 694 1908 hoosds.,
711 1887 766 1911 pag.
784 1880 834 1902 158.
855 1880 1008 1909 Richerand,
1024 1886 1107 1910 nosog.
1120 1879 1181 1902 chir.
1201 1879 1308 1907 Mahon,
1325 1878 1342 1901 l.
1353 1878 1386 1907 l.,
1399 1882 1458 1901 tom.
1471 1879 1504 1900 11.
1521 1885 1576 1908 pag.
1589 1885 1640 1900 101.

301 1926 404 1954 Fodere,
426 1925 443 1947 Ι.
462 1924 494 1953 l.‚
516 1927 575 1946 tom.
597 1923 644 1944 111.
668 1928 725 1952 pag.
748 1920 877 1950 559—340.
910 1921 1003 1951 Boyer,
1024 1920 1043 1943 l.
1065 1920 1102 1950 l.,
1127 1924 1190 1943 tom.
1210 1919 1272 1944 Vll.
1294 1927 1352 1949 pag.
1371 1919 1427 1941 264.
1451 1917 1539 1947 Orfila,
1559 1917 1579 1940 l.
1600 1917 1640 1944 l.,

303 1973 364 1991 tom.
384 1967 407 1989 l.
428 1972 485 1995 pag.
505 1964 560 1987 654.
582 1962 715 1992 Plouquet,
732 1961 921 1984 commentarius
937 1962 963 1986 iu
979 1968 1101 1993 processus
1113 1959 1265 1990 criminales,
1284 1967 1341 1990 pag.
1362 1959 1415 1982 154.
1433 1962 1458 1982 et
1474 1965 1557 1982 omnes
1572 1956 1640 1981 deni-

302 2015 348 2039 que
364 2010 472 2030 auctores
487 2004 530 2036 qui
550 2003 579 2027 de
596 2002 721 2027 medecina
738 2001 810 2033 legali
827 2006 937 2033 egerunt.
