1747 2620
890 256 901 298 (
928 259 967 288 18
991 257 1002 299 )

287 332 471 370 obducitur3
496 331 595 362 donec
616 330 789 373 pericardio
806 330 982 361 includitur
998 331 1188 361 verticaliter
1203 330 1240 361 ad
1260 331 1402 362 dextram
1420 335 1516 364 aortae
1533 344 1605 364 sur-

288 387 348 428 git,
372 392 492 416 etcum
516 385 650 427 spatium
674 385 810 416 duorum
832 385 957 415 circiter
973 384 1123 426 pollicum
1145 385 1188 414 sic
1206 386 1415 426 percurrerit,
1437 386 1605 428 pericardii

288 451 401 471 cavum
427 439 600 481 relinquit,
634 438 746 468 leviter
772 437 810 467 ad
837 437 979 467 dextram
1009 443 1040 467 et
1068 437 1270 479 posteriorem
1299 444 1421 480 partem
1455 439 1604 470 inclinata

288 493 447 530 ascendit,
469 492 568 522 donec
593 491 631 521 ad
650 490 850 521 altitudinem
874 490 1064 532 cartilaginis
1083 490 1193 532 primae
1215 496 1306 521 costae
1328 492 1525 533 pervenerit,
1549 492 1605 524 ubi

288 553 365 577 tunc
390 546 568 576 bifurcatur
590 545 623 574 in
643 543 730 574 binas
758 554 851 574 venas
872 543 1069 575 subclaveas:
1095 544 1128 574 in
1152 544 1272 575 ratione
1295 546 1424 586 ponitur
1450 547 1605 577 anteriora

286 610 395 630 versus
423 609 496 628 cum
528 596 676 639 glandula
702 596 811 638 thymo
837 602 869 626 et
894 595 1079 626 mediastino
1108 598 1279 636 anteriori,
1314 604 1506 640 postrorsum
1532 611 1606 631 cum

288 652 366 682 vena
394 650 568 693 pulmonali
604 649 713 680 dextra
740 649 914 691 superiori,
947 654 979 679 et
1007 649 1121 690 partim
1147 661 1220 680 cuni
1245 651 1350 690 aorta,
1384 651 1422 682 ad
1456 651 1606 683 dextrum

287 706 368 736 latus
389 717 461 736 cum
484 704 651 746 pulmone,
673 715 690 734 a
710 715 773 746 quo
793 702 905 746 pleura
926 708 1108 745 separatur,
1134 708 1165 733 et
1189 702 1317 734 tandem
1341 703 1480 746 denique
1503 704 1543 736 ad
1563 706 1607 736 si-

287 760 421 789 nistrum
444 769 517 788 cum
538 757 635 788 hacce
657 757 823 799 pericardii
845 756 990 798 portione
1011 767 1083 798 quoe
1101 759 1220 788 aiirtam
1246 757 1460 799 amplectitur.

331 812 421 842 Vena
442 822 552 854 azyges
572 823 589 841 a
613 816 702 853 parte
722 810 886 852 posteriori
910 820 998 841 venae
1022 821 1105 841 cavae
1129 811 1318 852 superioriS,
1344 810 1383 841 ad
1405 811 1608 843 altitudinem

286 865 447 896 bronchiae
464 864 581 894 dextrae
600 864 702 894 oritur
720 869 752 893 et
767 869 844 893 tunc
863 868 1055 904 postrorsum
1072 868 1103 893 et
1119 863 1310 905 paulumper
1327 863 1525 895 dextrorsum
1541 876 1608 896 sese

286 919 474 956 incurvans,
507 928 600 958 supra
624 916 808 947 bronchiam
832 916 922 946 istam
955 915 1043 957 juxta
1070 915 1217 945 dextrum
1239 915 1398 947 columuae
1424 917 1608 948 vertebralis

286 971 385 1009 latus,
416 970 565 1013 parallel&
591 981 665 1000 cum
692 969 777 1000 atirta
803 969 992 1006 directione,
1021 968 1199 1007 descendit,
1225 975 1257 998 et
1277 968 1482 1011 diaphragma
1504 976 1608 1001 trans-

287 1025 429 1067 greditur
450 1025 533 1055 inter
555 1025 708 1066 spatium,
729 1023 813 1066 quod
837 1022 918 1053 binae
938 1021 1185 1064 diaphragmatis
1209 1021 1365 1052 columnae
1386 1022 1607 1065 intercipiunt.

331 1078 406 1108 Pars
429 1077 600 1107 Thoracica
629 1088 717 1107 venae
742 1087 825 1106 eavae
846 1076 1004 1106 inferioris
1032 1075 1163 1105 minima
1192 1080 1254 1114 est,
1292 1075 1412 1117 quippe
1437 1076 1511 1117 quia
1535 1088 1609 1108 mox

289 1130 366 1161 dum
392 1141 409 1160 a
433 1130 526 1160 corde
550 1129 759 1171 proficiscitur
785 1128 990 1171 diaphragma
1010 1128 1140 1159 transit:
1167 1127 1205 1158 ad
1225 1133 1348 1170 partem
1371 1128 1556 1161 inferiorem
1577 1136 1610 1161 et

288 1183 419 1225 paulum
447 1183 835 1225 posteriorem-externam
866 1182 1017 1214 auriculae
1043 1181 1164 1213 dextrae
1186 1182 1346 1221 nascitur,
1378 1181 1506 1225 oblique
1531 1189 1610 1215 tunc

287 1236 437 1266 inferiora
460 1241 491 1265 et
511 1235 665 1265 exteriora
682 1246 790 1266 versus
812 1234 946 1274 directa,
970 1246 1045 1265 mox
1069 1234 1273 1277 diaphragma
1293 1235 1451 1277 perforat,
1477 1242 1609 1278 apertu-

288 1300 353 1319 ram
378 1289 410 1318 in
432 1288 529 1329 ipsius
549 1293 657 1318 centro
677 1287 829 1329 phrenico
855 1287 1086 1326 determinans3
1116 1288 1160 1318 sic
1182 1288 1309 1319 tandem
1336 1288 1491 1331 majorum
1519 1301 1610 1321 vaso-

288 1353 360 1372 rum
381 1341 463 1371 hanc
482 1340 582 1371 cordis
605 1340 781 1371 auriculam
807 1340 995 1371 adeuntium
1013 1339 1257 1383 descriptionem
1278 1341 1499 1384 persolvimus.

332 1395 453 1425 Arteria
479 1394 670 1436 pulmonalis
700 1395 840 1424 nascitur
869 1405 885 1423 a
915 1399 1004 1435 parte
1028 1394 1211 1435 superiore,
1239 1395 1396 1425 anteriore
1426 1400 1458 1425 et
1484 1395 1608 1427 sinistra

290 1448 458 1481 ventriculi
482 1448 605 1487 dextri,
641 1458 779 1490 moxque
803 1446 930 1489 oblique
960 1447 1062 1488 surgit
1087 1447 1249 1489 superiora
1274 1453 1306 1477 et
1334 1447 1457 1478 sinistra
1481 1458 1610 1487 versus,

289 1505 383 1533 a‘ortae
402 1501 607 1532 directionem
627 1502 782 1531 anteriora
801 1511 910 1532 versus
930 1499 1113 1539 decussanS,
1135 1505 1204 1542 post
1221 1500 1359 1543 spatium
1381 1500 1518 1532 duorum
1539 1501 1610 1544 pol—

289 1554 406 1594 licum,
435 1561 467 1586 et
496 1555 535 1585 ad
562 1554 761 1586 altitudinem
793 1554 917 1584 circiter
946 1553 1092 1584 secundae
1124 1552 1278 1585 vertebrae
1308 1553 1435 1584 dorsalis
1460 1555 1493 1584 in
1521 1554 1611 1585 binos

290 1614 418 1639 truncos
444 1608 640 1648 bifurcatur3
667 1619 772 1638 ramus
796 1607 920 1646 dexter,
948 1606 1047 1649 major
1072 1613 1167 1649 atque
1193 1606 1317 1650 longior
1345 1607 1490 1646 sinistro,
1525 1614 1611 1639 retro

291 1665 409 1693 aortam
430 1668 461 1693 et
486 1673 598 1694 venam
625 1673 732 1693 cavam
756 1661 951 1703 superiorem
976 1660 1224 1692 transversaliter
1250 1659 1290 1691 ad
1314 1660 1429 1691 faciem
1451 1661 1609 1692 internam

291 1715 448 1757 pulmonis
476 1715 617 1759 ejusdem
645 1715 751 1745 lateris
780 1714 947 1757 dirigitur,
982 1725 1122 1757 quocum
1146 1715 1328 1757 pervenerit
1350 1714 1383 1744 in
1405 1719 1468 1745 tres
1492 1715 1609 1746 iterum

291 1780 407 1808 ramos,
424 1769 523 1800 tribus
544 1770 633 1800 istius
649 1768 807 1811 pulmonis
827 1768 905 1798 lobis
926 1768 1110 1807 destinatos,
1132 1767 1337 1809 dispescitur3
1358 1778 1465 1798 ramus
1485 1767 1610 1799 sinister

292 1828 364 1852 ante
380 1825 513 1862 aiirtam,
533 1823 615 1853 infra
637 1821 787 1865 majorem
803 1823 900 1864 ipsius
917 1828 1136 1860 curvaturam,
1159 1821 1197 1852 ad
1217 1820 1377 1864 pulmonis
1393 1822 1510 1852 sinistri
1527 1821 1610 1853 latus

292 1875 453 1906 internum
475 1876 636 1918 dirigitur,
663 1881 695 1906 et
714 1875 778 1906 huc
799 1886 873 1906 cum
892 1876 1071 1914 accesserit,
1093 1875 1125 1905 in
1147 1873 1237 1905 binos
1255 1885 1372 1913 ramOS,
1392 1873 1473 1904 binis
1493 1875 1610 1905 sinistri

292 1928 453 1971 pulmonis
478 1928 555 1958 lobis
580 1929 801 1967 inservientes,
825 1928 1042 1960 distribuitur:
1072 1929 1105 1959 in
1125 1927 1344 1959 bifurcationis
1362 1928 1431 1959 loco
1452 1928 1609 1971 ligamen-

292 1988 362 2012 tum
380 1981 559 2020 invenitur,
575 1982 659 2023 quod
678 1981 717 2012 ab
737 1982 796 2012 laic
814 1988 904 2024 parte
923 1981 960 2012 ad
976 1981 1127 2025 majorem
1148 1985 1244 2012 atirtae
1265 1987 1468 2014 curvaturam
1491 1981 1609 2020 tendit,

292 2034 442 2077 quodque
463 2035 591 2064 nomine
613 2034 727 2065 canalis
747 2035 887 2066 arteriosi
904 2035 937 2066 in
957 2040 1041 2067 statu
1060 2034 1166 2066 foetali
1182 2045 1289 2067 veram
1309 2035 1388 2065 sistit
1407 2040 1503 2077 atque
1523 2035 1610 2065 inte-

292 2089 460 2130 gerrimam
480 2087 637 2118 arteriam.
