1747 2620
860 240 974 284 (46)

248 313 483 345 similitudinis
505 313 657 351 directoe,
680 320 801 357 puncto
825 320 931 346 autem
954 314 985 344 S'
1007 326 1124 345 nomen
1149 316 1253 346 centri
1277 316 1512 349 similitudinis
1535 320 1587 350 in-

251 380 371 405 versae,
390 369 631 399 convenientius
652 369 820 411 imposuit3
844 380 914 399 nam
938 368 1006 398 fieri
1028 373 1129 410 potest
1148 374 1185 399 ut
1206 375 1353 400 centrum
1369 371 1586 404 similitudinis

249 422 335 465 quod
356 422 473 453 dicitur
491 428 678 460 externum,
699 423 738 452 sit
753 422 854 462 reipsa
872 421 1034 451 internum
1055 420 1178 452 dnobus
1194 421 1374 466 polygonis,
1391 430 1422 454 et
1439 425 1584 457 vicissim.

292 477 339 507 Ex
365 477 413 507 his
436 476 581 518 sequitur
604 486 713 506 omnes
739 480 840 505 rectas
866 485 938 516 quae
959 485 1016 516 per
1040 480 1187 505 centrum
1209 476 1426 507 similitudinis
1448 478 1585 511 chiorum

249 530 480 573 polygonorum
499 528 651 559 similium
670 533 853 567 transeunt,
870 538 936 558 esse
951 533 1052 558 rectas
1073 527 1254 572 liomologas
1275 530 1399 561 duobus
1423 532 1586 575 polygonis

249 593 450 623 communes,
473 587 505 612 et
525 582 678 620 vicissim,
704 592 814 612 omnes
838 586 939 611 rectas
960 580 1142 624 homologas
1163 582 1287 613 duobus
1313 584 1478 627 polygonis
1499 597 1587 618 com—

248 647 378 674 munes,
402 646 459 678 per
480 641 627 666 centrum
649 634 867 666 similitudinis
889 636 1032 665 transire.

292 691 398 721 Rectae
418 701 490 732 quae
511 701 568 732 per
594 695 741 720 centrum
763 689 982 720 similitudinis
1003 694 1185 728 transeunt,
1208 697 1362 721 vocantur
1384 703 1465 723 axes
1492 694 1589 724 simi—

248 744 403 775 litudinis
425 745 480 774 vel
499 744 651 780 clirectoe,
674 744 728 774 vel
746 744 905 780 invensae,
928 743 1106 774 secundum
1129 745 1230 775 centri
1251 744 1468 776 similitudinis
1488 747 1589 778 deno—

249 799 475 837 minationem3
497 810 532 829 ac
549 797 682 841 proinde
699 797 762 829 duo
778 797 933 840 polygona
953 797 1065 828 similia
1076 821 1084 836 ,
1105 799 1291 828 innumeros
1306 798 1425 830 habent
1441 811 1522 831 axes
1539 802 1589 832 si—

249 853 464 883 militudinis.

293 906 324 936 Si
346 911 453 936 autem
474 905 537 935 sint
556 905 614 935 tria
636 904 793 947 polygona
817 903 948 942 similia,
969 904 1002 934 in
1018 904 1128 935 eodem
1149 904 1243 947 plano
1263 906 1337 945 sita,
1361 913 1393 938 et
1413 907 1438 938 si
1462 907 1526 939 duo
1549 919 1589 939 ex

249 959 311 990 illis
338 971 402 990 una
430 958 689 997 considerentur,
721 963 817 989 eruut
843 959 901 988 tria
931 964 1039 989 centra
1064 959 1282 990 similitudinis
1306 960 1357 991 vel
1383 961 1517 993 internae
1538 963 1588 994 vel

250 1020 406 1052 externae‚
435 1019 468 1044 et
493 1012 586 1043 facile
612 1018 658 1043 est
684 1012 819 1054 probare
846 1013 902 1042 ista
928 1012 985 1042 tria
1007 1018 1115 1043 centra
1143 1023 1208 1044 esse
1230 1014 1264 1044 in
1291 1013 1448 1045 directum
1471 1016 1588 1057 posita3

250 1069 293 1099 sic
319 1069 375 1098 ista
404 1068 461 1098 tria
493 1066 649 1110 polygona
680 1067 812 1097 unicum
844 1078 942 1097 axem
972 1066 1208 1097 similitudinis
1239 1067 1374 1098 directoe
1405 1068 1589 1109 habebunt,

250 1121 425 1153 dummodo
455 1121 518 1151 sint
548 1120 668 1151 directe
699 1120 829 1159 similia3
860 1121 1000 1151 inversae
1027 1126 1153 1159 autem,
1184 1121 1209 1151 si
1235 1132 1339 1152 unum
1365 1132 1382 1152 e
1405 1122 1590 1165 polygonis,

250 1175 374 1206 duobus
389 1174 456 1204 aliis
473 1175 513 1204 sit
530 1175 655 1204 inverse
670 1173 789 1213 simile,
804 1180 835 1205 et
850 1180 1083 1216 consequenter
1101 1175 1178 1205 axis
1190 1175 1426 1206 similitudinis
1440 1176 1587 1214 directoe,

250 1240 307 1272 per
332 1229 397 1259 trin
421 1233 533 1258 centra
555 1228 791 1258 similitudinis
814 1228 949 1259 (lirectoe
968 1229 1096 1267 transit3
1119 1229 1195 1259 axis
1221 1234 1328 1260 autem
1353 1231 1590 1261 similitudinis

251 1284 410 1318 inversae,
443 1292 500 1324 per
530 1281 594 1312 cluo
622 1287 734 1312 centra
758 1282 996 1313 similitudinis
1015 1283 1155 1313 inversa>
1178 1288 1211 1313 et
1234 1293 1292 1325 per
1322 1294 1424 1314 unum
1445 1290 1592 1315 centrum

249 1336 485 1368 similitudinis
508 1335 660 1372 directae,
688 1336 810 1366 transit.

294 1392 455 1422 Ponamus
478 1400 567 1420 nunc
590 1388 654 1420 duo
677 1389 834 1432 polygona
857 1389 891 1420 in
913 1389 1025 1420 eodem
1051 1389 1145 1432 plano
1168 1390 1243 1428 sita,
1268 1389 1365 1421 simul
1385 1400 1451 1421 esse
1476 1390 1589 1422 similia

250 1450 282 1475 et
300 1443 476 1487 regularia;
497 1449 576 1475 tunc
591 1454 703 1476 eorum
720 1449 827 1474 centra
847 1449 923 1474 sunt
937 1449 1055 1486 puncta
1072 1444 1106 1474 in
1123 1442 1248 1474 duobus
1262 1443 1428 1486 polygonis
1445 1444 1591 1475 similiter

250 1499 325 1536 sita,
356 1497 499 1539 adeoque
524 1502 609 1528 recta
639 1508 711 1539 quae
741 1497 797 1527 ista
826 1502 934 1527 centra
959 1496 1082 1540 jungit,
1113 1507 1171 1539 per
1200 1502 1349 1527 centrum
1371 1497 1590 1529 similitudinis

252 1552 384 1583 transire
404 1550 514 1589 debet,
534 1557 566 1582 et
586 1562 624 1581 ex
645 1549 898 1593 praecedentibus
913 1551 1059 1592 sequitur
1074 1549 1236 1580 distantias
1252 1550 1354 1580 centri
1373 1550 1590 1583 similitudinis

252 1618 267 1635 a
282 1605 398 1636 centris
414 1604 644 1647 polygonorum
655 1628 663 1643 ,
676 1615 740 1634 esse
755 1603 1004 1646 proportionales
1018 1603 1170 1634 lateribus
1182 1604 1431 1647 polygonorum,
1447 1605 1590 1648 adeoque

252 1658 347 1690 radiis
371 1664 403 1688 et
427 1658 589 1687 diametris
615 1656 808 1688 circulorum
835 1656 959 1688 duobus
985 1657 1149 1700 polygonis
1171 1663 1240 1688 tum
1265 1658 1491 1700 inscriptorum
1519 1665 1589 1691 tum

253 1710 579 1753 circumscriptorum.
614 1710 645 1740 Si
680 1711 811 1754 insuper
838 1711 895 1741 ista
928 1710 1085 1753 polygona
1121 1722 1230 1753 parem
1261 1711 1397 1742 laterum
1435 1712 1590 1744 exhibent

252 1776 443 1803 numerum⁷
471 1769 550 1795 tunc
576 1764 833 1807 unumquodque
864 1764 946 1795 latus
973 1765 1070 1796 unius
1097 1764 1264 1808 polygoni,
1292 1764 1416 1796 duobus
1438 1765 1590 1798 lateribus

253 1819 403 1862 oppositis
431 1817 562 1848 alterius
586 1817 754 1860 polygoni,
780 1818 968 1860 parallelum
990 1824 1051 1857 est,
1077 1818 1221 1862 adeoque
1242 1818 1434 1850 considerari
1458 1826 1591 1863 possunt

254 1873 318 1904 duo
336 1872 394 1902 ista
416 1869 573 1913 polygona
595 1876 631 1901 ut
650 1871 772 1902 directe
791 1878 823 1902 et
844 1873 971 1903 inverse
990 1873 1118 1903 similia
1126 1886 1139 1911 ,-
1160 1872 1280 1904 habent
1298 1884 1374 1917 ergo
1395 1874 1459 1905 duo
1480 1880 1590 1905 centra

252 1923 485 1963 similitudinis,
503 1923 634 1956 scilicet:
656 1936 760 1956 unum
775 1926 1011 1957 similitudinis
1029 1927 1180 1964 directae,
1199 1927 1337 1959 alterum
1353 1929 1590 1960 similitudinis

252 1983 403 2013 inversoe.

299 2033 447 2066 Circulus
464 2032 656 2065 considerari
674 2039 777 2077 potest
799 2039 837 2066 ut
858 2034 1054 2078 polygonum
1077 2034 1225 2079 regulare
1247 2046 1288 2067 ex
1307 2047 1443 2068 numero
1466 2037 1535 2080 pari
1557 2041 1589 2067 et
