1747 2620
915 265 1049 307 (106)

317 339 533 372 ventriculum
565 339 716 372 dextrum
743 340 908 371 transferri
933 339 1039 371 adhuc
1065 344 1182 381 potest,
1209 338 1402 381 pulmonum
1431 339 1547 370 actioni
1571 339 1650 371 sub-

317 394 423 434 mitti,
454 400 486 425 et
511 395 555 426 sic
583 406 641 437 per
665 395 794 437 aliquod
822 396 973 436 temporis
1004 394 1141 436 spatium
1175 393 1239 425 vita
1265 392 1408 435 protrahi
1432 392 1527 425 valet.
1558 392 1648 424 Idem

315 448 488 480 dicendum
509 455 555 480 est
571 448 609 479 de
624 448 705 481 vena
721 459 848 491 azygos,
870 459 943 478 nam
966 448 989 477 si
1006 447 1074 478 haec
1090 452 1184 489 rupta
1203 447 1258 485 sit,
1280 447 1382 478 omnis
1403 447 1651 478 communicatio

313 503 503 545 sanguinem
523 502 608 532 inter
628 507 660 532 et
679 501 848 544 pulmones
868 512 931 537 non
953 501 1215 543 interrumpitur,
1237 501 1380 544 vitaque,
1403 501 1428 532 si
1450 501 1567 533 vulnus
1583 513 1648 533 non

313 556 413 587 latum
435 556 490 595 sit,
513 556 680 598 persistere
702 566 760 598 per
781 555 1016 598 aliquantulum
1042 561 1168 598 tempus
1191 561 1303 598 potest.

356 610 444 641 Idem
471 609 555 642 valet
582 610 621 641 de
649 610 730 642 vena
755 609 922 641 subclavezi
943 609 1098 652 utraque3
1133 608 1265 652 hujusce
1285 609 1417 641 vulnera
1444 609 1540 641 etiam
1562 610 1646 641 inter

313 664 455 695 absolute
485 665 630 695 necantia
664 670 739 695 sunt
768 662 985 695 numeranda:
1019 674 1187 705 perperam
1216 663 1303 693 enim
1334 664 1425 693 aiunt
1455 664 1512 706 qui
1534 669 1648 706 protu-

311 717 436 757 lerunt,
458 717 723 760 haemorrhagiam
745 717 874 748 illorum
900 728 1064 755 vasorum,
1097 715 1201 747 ablato
1220 715 1350 747 brachio
1371 717 1406 747 in
1426 716 1648 748 articulatione

310 770 632 815 brachio—scapulari,
660 782 749 814 posse
776 771 935 803 cohiberi:
962 771 1043 802 illud
1065 781 1175 803 revera
1205 772 1335 802 omnino
1358 779 1472 804 verum
1496 771 1598 811 foret,
1622 772 1648 803 si

310 837 392 858 vena
413 826 580 858 subclavea
602 826 707 857 nullos
732 826 809 856 alios
834 837 953 865 ramos,
980 826 1041 856 nisi
1067 826 1122 868 qui
1151 837 1168 856 a
1194 825 1324 856 brachio
1348 825 1388 857 ad
1413 837 1467 857 cor
1491 825 1646 865 tendunt,

310 881 485 922 acciperet,
513 880 568 911 sed
599 880 736 922 desuper
760 879 799 910 ad
823 879 904 910 illud
930 890 982 910 vas
1008 890 1161 911 venosum
1190 879 1291 910 tendit
1315 891 1354 910 ex
1381 885 1520 922 utroque
1548 879 1647 911 latere

308 945 389 966 rena
410 933 566 978 jugularis
585 946 601 965 a
622 935 724 977 capite
746 934 963 976 proficiscens,
985 944 1056 976 quae
1071 933 1234 975 sanguinis
1252 932 1395 972 fluxum,
1416 933 1517 964 donec
1532 944 1646 964 exsan-

308 989 379 1031 guis
391 987 510 1033 jaceret
523 988 724 1027 vulneratus,
739 988 854 1028 aleret3
868 987 946 1030 quid
962 987 1062 1030 igitur
1077 986 1199 1017 brachii
1215 987 1391 1029 amputatio
1407 985 1646 1029 haemorrhagiae

309 1041 510 1084 opponeret?
531 1042 591 1073 Hic
612 1053 676 1073 non
692 1053 820 1084 possum
839 1052 903 1072 non
922 1051 1051 1071 narrare
1072 1040 1341 1079 observationem,
1362 1051 1434 1083 quae
1449 1041 1645 1072 sanationem

308 1095 439 1126 exhibet
469 1095 628 1126 insolitam
656 1096 786 1133 omnino
810 1100 843 1125 et
868 1093 1045 1125 mirabilem
1074 1093 1237 1134 vulneris,
1265 1093 1352 1136 quod
1377 1094 1525 1125 arteriam
1550 1094 1647 1126 simul

307 1155 340 1180 et
360 1160 475 1181 venam
498 1149 701 1181 subclaveam
727 1149 840 1181 laevam
865 1153 1019 1179 secuerat.
1057 1149 1176 1190 Larrey
1195 1147 1243 1189 (1)
1267 1147 1351 1178 hanc
1376 1148 1561 1191 conscripsit
1582 1160 1647 1191 pu-

307 1202 448 1246 blicique
478 1202 557 1247 juris
582 1203 678 1233 fecit:
713 1203 867 1233 »Petrus
895 1201 1057 1232 Cardieux
1085 1201 1286 1243 trigesimum
1315 1201 1494 1233 secundum
1524 1214 1646 1234 annum

308 1268 327 1288 3)
343 1268 455 1300 agens,
487 1257 521 1287 in
544 1256 719 1288 certamine
742 1255 896 1298 singulari
919 1256 963 1286 ita
985 1256 1113 1286 acinace
1139 1254 1272 1297 (sabre)
1297 1255 1482 1286 vulneratus
1505 1255 1584 1295 fuit,
1609 1262 1647 1287 ut

307 1322 325 1341 ))
342 1311 472 1341 insertio
493 1309 630 1342 musculi
651 1308 942 1341 sterno-mastoidei
961 1308 1067 1339 lateris
1089 1309 1222 1347 sinistri,
1249 1314 1397 1351 totusque
1418 1309 1562 1340 scalenus
1587 1320 1646 1340 an-

308 1376 325 1395 ))
343 1365 440 1395 terior
459 1370 651 1396 transsectus
673 1364 789 1403 fuerit⁷
807 1364 920 1394 arteria
941 1368 973 1394 et
989 1373 1069 1394 vena
1086 1362 1254 1393 subclavea
1273 1361 1369 1400 simul
1387 1368 1525 1405 pertusae
1541 1362 1644 1394 fuere.

308 1417 574 1461 »haemorrhagia
606 1418 783 1449 fulminans
814 1429 887 1448 mox
920 1418 1062 1448 insecuta
1092 1422 1160 1455 est,
1191 1422 1223 1447 et
1248 1417 1338 1459 quasi
1369 1422 1470 1447 morte
1500 1416 1646 1458 sepultus

307 1472 433 1504 »humi
458 1472 631 1515 procubuit
652 1473 822 1503 sauciatus.
853 1471 1093 1514 Compressione
1118 1470 1244 1502 vulneri
1266 1470 1439 1513 applicata,
1466 1476 1498 1501 et
1525 1469 1645 1502 viribus

307 1538 324 1557 ))
342 1526 567 1569 paululovino
588 1527 744 1569 deglutito
766 1525 966 1564 refocillatis,
986 1525 1043 1567 qui
1063 1524 1243 1563 adstabant,
1269 1524 1358 1555 hunc
1373 1525 1406 1555 in
1426 1525 1643 1556 nosocomium

307 1591 325 1610 ›)
342 1580 586 1612 transtulerunt.
613 1581 720 1620 Quem
744 1592 844 1623 quum
868 1578 991 1610 Celebr.
1012 1579 1130 1621 Larrey
1151 1579 1318 1617 inviseret,
1345 1584 1410 1609 toto
1431 1589 1562 1621 corpore
1584 1579 1644 1609 fri·-

307 1644 325 1663 ))
342 1633 451 1675 gebat⁷
477 1634 585 1665 vultus
610 1634 763 1677 pallidus,
792 1633 876 1664 oculi
905 1633 1075 1671 exstincti,
1106 1643 1232 1675 voxque
1258 1631 1371 1663 debilis
1400 1638 1484 1672 erat;
1513 1632 1642 1664 nullum

306 1687 477 1730 »amplius
503 1689 691 1731 sanguinem
714 1688 879 1719 emittebat
902 1687 1037 1723 vulnus;
1068 1685 1165 1730 hujus
1187 1685 1269 1717 labia
1292 1685 1463 1728 emplastro
1486 1685 1643 1719 adhaesivo

306 1754 323 1773 ))
340 1742 510 1786 conjuncta
528 1743 632 1774 fuere.
655 1743 750 1774 Retro
767 1742 954 1775 claviculam
971 1742 1162 1784 conspicuus
1182 1747 1290 1772 tumor
1307 1740 1431 1779 aderat,
1448 1739 1643 1782 pulsationes

306 1796 442 1826 »cordis
466 1795 611 1838 pulsibus
633 1797 814 1827 isochronas
839 1796 1062 1839 suppeditans3
1088 1794 1250 1838 simulque
1275 1794 1308 1825 in
1332 1793 1444 1825 eodem
1469 1793 1539 1824 loco
1560 1799 1643 1825 stre-

306 1861 324 1880 ³)
344 1850 428 1892 pitus
452 1850 642 1882 audiebatur
666 1850 712 1881 illi
733 1850 859 1890 similis,
884 1861 981 1893 quem
1006 1849 1102 1881 eflicit
1124 1861 1206 1892 aqua
1231 1854 1317 1880 trans
1337 1848 1492 1891 plurimos
1513 1846 1643 1879 tubulos

306 1904 515 1936 »metallicos
535 1905 718 1936 decurrens.
744 1905 917 1936 Brachium
946 1905 1063 1936 laevum
1086 1903 1243 1947 frigebat,
1270 1902 1399 1935 nullum
1427 1901 1644 1933 sensibilitatis

305 1958 514 1997 )>i11dicium‚
542 1959 639 1991 nullae
661 1959 855 2002 pulsationes
880 1960 1003 1992 arteriae
1028 1958 1154 1991 radialis
1179 1957 1321 1990 aderant.
1353 1957 1532 1999 Chirurgus
1551 1956 1641 2000 jussit

362 2074 405 2102 (ι)
422 2074 521 2096 Journal
539 2074 567 2096 de
583 2074 717 2101 medecine,
735 2079 795 2100 ete„
813 2082 855 2104 par
871 2075 993 2097 Corvisart
1012 2078 1033 2096 et
1050 2074 1157 2096 Leroux.
1178 2073 1244 2095 Dans
1259 2072 1280 2095 le
1299 2071 1401 2094 bulletin
1419 2071 1447 2093 de
1466 2070 1487 2092 la
1506 2069 1595 2092 facult&
1612 2069 1640 2091 de

300 2114 432 2143 medicine,
456 2115 531 2137 anue'e
552 2115 620 2142 18127
641 2116 718 2143 Mars,
742 2123 797 2145 pag.
820 2123 858 2143 27.
