1747 2620
734 248 746 290 (
771 249 812 289 45
837 250 848 292 )

122 318 189 350 veri
219 318 495 362 investigationem
521 321 688 364 impellere
710 321 815 354 debet.
847 324 889 354 Et
915 336 990 357 vero
1016 325 1105 357 haud
1133 326 1318 360 dubitanter
1341 329 1462 372 indicat

123 374 301 404 communis
325 373 377 404 illa
399 375 575 417 persuasio,
600 376 746 419 quamvis
767 377 1045 411 demonstrationis
1067 381 1131 413 vim
1153 393 1217 413 non
1237 382 1368 423 habeat,
1394 396 1460 416 esse

122 425 244 468 aliquid
269 427 302 457 in
331 428 396 470 ipsa
421 429 591 461 hominum
613 436 727 462 natura
750 431 947 473 fundatum,
977 434 1063 477 quod
1089 435 1174 478 apud
1196 431 1338 479 'singulos
1366 443 1461 480 atque

121 480 285 511 universos
320 481 424 512 valeat
454 483 613 522 maxime,
650 490 683 515 et
718 496 781 527 quo
812 486 852 517 ad
881 486 1038 530 ejusmodi
1075 489 1170 520 [idem
1204 490 1462 533 amplectendam

122 533 258 576 quisque
288 535 343 576 qui
374 536 560 578 persuaderi
589 537 648 568 sibi
672 538 764 579 sinit,
797 539 934 573 ducatur
967 553 1094 574 necesse
1124 544 1173 575 sit.
1204 544 1242 575 In
1268 545 1328 576 hoc
1351 551 1460 577 autem

121 587 302 630 inquirere,
326 588 364 620 ad
385 591 551 633 sequentia
575 593 725 635 pertinet.

513 716 694 749 CAPUT
752 719 1069 753 SECUNDUM.

162 822 357 844 DISCEPTATIO
381 823 653 856 ARGUMENTORUM,
688 827 755 854 QUAE
786 829 938 850 DICUNTUR
967 831 1185 853 PHILOSOPHICO
1215 832 1414 854 THEORETICA.

163 914 353 948 Animorum
381 917 601 949 immortalitas
625 919 651 949 si
672 920 705 949 in
730 922 940 962 quaestionem
961 929 1110 964 vocatur,
1133 924 1255 968 duplici
1277 926 1370 958 modo
1391 927 1459 958 haec

121 969 252 1010 quaestio
276 976 308 1000 et
327 971 472 1001 tractatio
494 971 618 1003 institui
640 978 758 1015 potest,
783 986 900 1018 nempe
925 976 977 1008 vel
998 977 1173 1010 theoretico
1195 980 1308 1020 modo,
1335 981 1401 1013 sive
1422 987 1461 1013 ut

74 1050 78 1053 a
121 1020 254 1061 dicunt,
281 1023 493 1065 speculative,
520 1025 571 1058 vel
593 1028 749 1068 practico,
776 1028 815 1059 de
840 1041 904 1072 quo
929 1031 1015 1062 dein.
1041 1032 1088 1063 Ac
1113 1034 1135 1064 si
1159 1034 1247 1076 prior
1269 1035 1457 1076 adhibetur,

121 1077 254 1117 quaestio
268 1077 311 1107 ita
332 1088 398 1107 sese
419 1078 526 1108 habet.
552 1079 603 1110 An
618 1086 732 1112 natura
746 1081 801 1122 ¹illa
819 1084 976 1125 cogitanS,
992 1092 1062 1127 post
1083 1086 1301 1127 destructum,
1318 1100 1459 1131 quocum

118 1139 207 1158 nunc
223 1128 414 1172 conjunctus
434 1131 557 1171 existit,
579 1135 719 1176 corporis
742 1147 901 1177 organon,
923 1137 1035 1169 eadem
1057 1140 1158 1171 aliave
1177 1141 1359 1174 conditione
1375 1145 1460 1175 exis—

116 1187 184 1213 tere
208 1189 321 1226 perget
342 1195 401 1215 nec
422 1184 490 1216 ne?
522 1186 645 1229 Quodsi
668 1188 728 1220 hoc
759 1189 918 1222 affirment
940 1192 1138 1236 philosophi,
1165 1196 1302 1227 rationes
1328 1208 1458 1241 quoque

118 1247 196 1279 quas
220 1236 260 1268 ad
285 1240 474 1270 sententiam
495 1252 594 1277 ,suam
623 1243 818 1285 probandam
848 1246 1036 1287 proferunt,
1060 1254 1135 1279 sunt
1161 1249 1360 1291 theoreticae,
1387 1264 1459 1295 quae

117 1301 192 1321 cum
212 1301 251 1322 ex
274 1294 472 1335 argumentis
498 1294 679 1338 objectivis,
705 1303 742 1328 ut
763 1297 827 1342 jani
851 1298 990 1331 vidimus
1015 1301 1119 1345 (part.
1142 1303 1166 1334 I.
1190 1315 1259 1347 cap.
1281 1305 1321 1336 II.
1343 1306 1460 1350 initio)

116 1343 300 1385 ducuntur,
322 1346 398 1378 inde
418 1350 594 1380 necessario
616 1349 893 1383 demonstrationis
918 1354 981 1387 vim
1004 1355 1179 1399 accipiunt.
1205 1358 1278 1389 Jam
1303 1370 1375 1403 quae
1399 1372 1459 1392 ex-

115 1399 282 1441 posuimus
302 1408 492 1444 argumenta
513 1415 572 1446 pro
599 1405 698 1436 animi
724 1406 964 1440 immortalitate
990 1409 1180 1451 theoretica,
1207 1424 1356 1455 magnam
1382 1426 1458 1446 sane

114 1452 236 1485 habent
265 1455 331 1487 vim
363 1461 395 1487 et
421 1456 659 1499 efficacitatem3
691 1460 792 1492 inulta
824 1461 966 1502 habent,
998 1464 1115 1506 quibus
1148 1465 1236 1497 illam
1264 1469 1456 1500 sententiam.

115 1507 251 1539 reddant
272 1509 535 1552 probabiliorem,
557 1513 658 1545 multa
676 1515 793 1558 quibus
809 1516 954 1548 homines
970 1519 1097 1560 capiant
1112 1525 1144 1550 et
1161 1521 1321 1552 evincant.
1342 1521 1456 1565 Neque

115 1560 149 1591 id
170 1564 335 1604 negaverit
356 1566 442 1608 quis,
465 1567 490 1597 si
511 1568 675 1610 ingentem
699 1582 773 1602 cum
793 1571 1057 1615 philosophorum
1080 1579 1150 1605 tum
1171 1574 1374 1608 indoctorum
1395 1577 1456 1608 ho-

117 1616 242 1647 minum
253 1641 261 1657 ,
276 1619 332 1660 qui
358 1619 580 1663 huicopinioni
598 1623 721 1655 fuerint
739 1625 871 1664 addicti,
888 1627 1014 1660 turbam
1032 1630 1066 1660 in
1082 1635 1224 1662 mentem
1241 1630 1300 1661 sibi
1315 1638 1453 1664 revocat.

116 1670 157 1701 At
177 1672 202 1702 si
223 1671 285 1715 jam
313 1678 493 1716 quaeratur,
516 1689 557 1708 an
581 1678 692 1710 eadem
717 1679 994 1715 demonstrationis
1015 1694 1086 1726 quae
1108 1684 1257 1715 strictiori
1283 1696 1378 1717 sensu
1404 1685 1455 1717 di—

118 1725 202 1758 citur
219 1727 424 1773 (ἀπόδειξις)
451 1732 516 1763 vim
537 1732 690 1773 habeant,
717 1734 750 1765 id
780 1742 842 1775 est,
873 1748 913 1768 an
939 1748 1005 1768 non
1032 1737 1135 1771 solum
1161 1740 1455 1782 argumentationes

119 1780 293 1821 probabiles
313 1785 376 1816 sint
395 1785 554 1827 dicendae,
578 1788 631 1820 ses]
653 1789 714 1821 hoc
735 1790 831 1822 etiam
858 1798 1013 1834 arguant,
1041 1792 1140 1836 hujus
1165 1794 1361 1825 contrarium
1385 1795 1453 1826 fieri

119 1834 247 1866 omnino
266 1848 329 1868 non
352 1851 459 1881 posse;
482 1841 514 1872 id
538 1843 653 1885 igitur,
676 1844 701 1874 si
722 1855 789 1875 rem
812 1856 886 1877 cum
910 1846 1092 1889 pulvisculo
1112 1848 1330 1888 excutiamus,
1357 1849 1453 1892 plane

117 1889 155 1919 iis
179 1891 361 1931 negandum
385 1896 494 1926 venire
519 1896 722 1930 arbitramur.
750 1899 847 1938 Quod
870 1900 1002 1943 quidem
1023 1912 1097 1932 cum
1121 1901 1246 1944 singula
1269 1913 1304 1934 ea
1328 1903 1453 1948 ponde—

116 1955 186 1976 rare
208 1944 395 1988 debeamus,
420 1961 586 1993 speramus
606 1952 678 1985 fore
699 1959 736 1985 ut
755 1954 954 1986 luculentius
975 1960 1137 1998 appareat.
