1747 2620
666 229 678 272 (
701 227 742 259 13
766 226 779 269 )

59 319 190 353 coloniis
212 329 230 349 a
248 311 433 360 parentibus
452 315 524 341 tum
545 303 697 347 temporis
712 300 758 332 ibi
775 297 975 331 domicilium
993 292 1203 331 habentibus,
1227 290 1266 333 2)
1290 289 1347 332 qui
1362 288 1397 319 iu

63 374 221 407 territorio
244 370 348 402 alieno
371 378 411 398 ex
434 360 622 408 parentibus
643 356 751 399 Belgis
771 354 831 386 orti
850 357 942 390 suut,
970 349 1012 391 3)
1033 348 1090 391 qui
1111 349 1290 377 nascuntur
1312 341 1399 384 apud

62 429 198 461 alienam
221 430 350 468 gentem
375 420 414 452 ab
435 416 594 450 extraneis
612 412 720 445 sedem
742 420 833 442 suam
856 408 891 438 in
919 404 1031 448 Belgio
1053 401 1163 447 ejusve
1184 397 1314 430 coloniis
1339 395 1400 426 ha-

26 507 32 514 .
63 482 229 519 bentibus,
256 477 351 510 modo
371 476 405 507 in
425 474 487 505 hoc
507 470 621 503 ultimo
642 478 718 499 casu
738 469 886 509 parentes
907 460 955 492 illi
974 458 1026 491 vel
1047 468 1105 500 per
1126 461 1254 497 tempus
1273 456 1401 482 tantum

64 536 117 570 vel
138 546 177 567 ex
198 531 327 576 publico
347 528 448 560 officio
467 524 648 562 abfuerint,
675 521 717 563 4)
738 519 794 562 qui
810 516 877 548 nati
896 519 972 546 sunt
990 513 1025 543 iu
1045 509 1157 552 Belgio
1177 519 1194 538 a
1216 502 1403 549 parentibus

65 589 189 622 nullam
210 586 255 617 ibi
272 584 379 616 sedem
397 585 588 625 perpetuam
607 573 815 611 habentibus,
838 569 930 601 modo
948 566 1042 598 liberi
1059 576 1100 595 ex
1120 564 1158 594 iis
1173 561 1234 592 orti
1254 559 1404 590 fortuna-

66 655 140 676 rum
161 651 293 673 suarum
308 637 417 669 sedem
435 634 494 677 ipsi
511 633 545 664 in
561 630 673 673 Belgio
695 624 938 663 collocaverint,
960 631 1033 665 quae
1050 616 1203 650 domicilii
1220 611 1405 646 constitutio

68 697 221 730 effectum
241 693 391 725 habitura
409 695 457 722 est
477 685 718 719 retroactivum.

113 795 169 827 III.
202 791 359 833 Quamvis
380 793 490 820 autem
508 783 616 816 Codex
631 780 782 823 Belgicus
802 775 927 808 nullam
944 772 1050 805 adhuc
1063 767 1225 812 obligandi
1247 768 1313 799 vim
1331 775 1411 795 nac-

72 857 124 883 tus
139 850 196 889 sit,
217 854 325 879 tamen
342 843 411 887 ejus
428 844 588 885 praecepta
602 838 637 868 in
652 835 713 867 hac
728 832 903 877 quaestione
924 827 1055 860 omnino
1069 824 1133 869 jam
1149 833 1238 854 nuuc
1255 817 1411 852 servanda

72 903 239 942 videntur,
255 899 408 943 quoniam
419 895 531 927 eadem
546 892 611 937 jam
622 889 689 933 ipsa
703 888 775 929 lege
788 883 881 916 fund.
894 888 952 913 art.
964 882 995 912 8.
1007 880 1084 910 licet
1094 889 1159 921 non
1170 875 1248 907 adeo
1260 872 1412 916 explicite

74 959 194 990 sancita
216 956 364 992 fuerant,
389 950 544 990 illiusque
560 945 608 977 vis
630 944 665 974 in
685 946 745 972 art.
765 941 797 970 2.
819 938 868 968 tit.
891 937 922 966 2.
939 933 995 966 lib.
1017 933 1042 963 I.
1062 930 1139 963 Cod.
1158 929 1246 961 citati
1264 939 1328 958 non
1348 932 1414 957 tam

76 1016 231 1053 augetur,
254 1017 352 1049 quam
372 1003 481 1047 potius
499 999 690 1031 declaratur.
717 994 868 1025 Attamen
892 1000 996 1032 quum
1017 987 1078 1018 hoc
1099 988 1329 1027 argumentum
1349 991 1415 1011 non

76 1065 180 1098 valeat
200 1062 239 1093 de
257 1071 295 1091 eo
314 1059 371 1101 qui
392 1059 427 1087 in
445 1052 607 1086 territorio
625 1054 732 1080 nostro
750 1046 858 1077 lucem
877 1041 1022 1085 adspexit
1042 1051 1082 1071 ex
1103 1035 1290 1081 parentibus
1311 1033 1416 1065 domi-

78 1118 188 1149 cilium
203 1114 247 1145 ibi
265 1123 330 1143 non
347 1106 557 1145 habentibus,
577 1104 700 1146 quippe
716 1101 756 1131 de
772 1098 890 1142 quibus
905 1097 958 1128 lex
977 1094 1071 1126 fund.
1089 1092 1177 1130 silet,
1199 1101 1301 1133 quum
1316 1088 1417 1131 igitur

77 1171 166 1204 nulla
180 1168 260 1200 adsit
274 1164 419 1208 legitima
436 1161 533 1200 ratio,
549 1170 608 1190 cur
628 1156 692 1202 jam
709 1164 799 1186 nunc
819 1151 896 1183 Cod.
918 1148 1002 1180 Gall.
1025 1147 1152 1178 decreta
1169 1154 1227 1186 per
1247 1142 1400 1173 futurum
1412 1164 1420 1179 ,

78 1232 221 1266 eumque
245 1231 303 1264 per
328 1229 360 1249 se
380 1214 527 1247 nondum
552 1212 715 1254 vigentem
742 1206 820 1238 Cod.
847 1204 1017 1246 Belgicum
1041 1201 1189 1242 abrogata
1214 1207 1281 1229 esse
1308 1194 1420 1226 existi—

79 1287 223 1316 memus,
246 1272 377 1305 omnino
399 1268 527 1303 videtur
547 1263 698 1297 standum
717 1271 784 1293 esse
803 1258 880 1290 Cod.
903 1256 1020 1288 Gallici
1039 1254 1079 1286 de
1096 1253 1151 1285 illo
1172 1249 1341 1285 individuo
1363 1247 1421 1280 de-

82 1332 187 1366 cretis.

126 1429 184 1461 IV.
216 1427 343 1459 Verum
370 1423 456 1456 cives
478 1419 596 1463 Belgas
617 1427 683 1448 non
710 1413 774 1446 sola
797 1411 946 1445 nativitas
970 1410 1064 1449 facit,
1096 1406 1151 1439 sed
1174 1406 1270 1437 etiam
1292 1404 1328 1435 in
1352 1413 1424 1434 eam

86 1483 302 1516 conditionem
320 1477 461 1521 receptio
472 1500 483 1515 ,
505 1484 594 1517 quae,
617 1470 675 1503 ubi
693 1475 726 1501 et
746 1468 856 1500 civitas
874 1472 907 1497 et
927 1470 1099 1497 extraneus
1117 1470 1264 1504 expresse
1282 1458 1318 1489 ea
1334 1457 1373 1488 de
1390 1466 1424 1488 re

87 1538 286 1572 voluntatem
306 1544 396 1565 suam
414 1529 676 1565 declaraverunt,
702 1523 820 1555 dicitur
836 1522 871 1552 in
885 1520 1058 1551 civitatem
1078 1516 1235 1557 adoptio,
1258 1518 1291 1544 et
1311 1511 1425 1554 saepius

88 1588 348 1643 natm-alisatio,
374 1596 471 1629 quam
491 1580 670 1626 peregrinis
692 1575 888 1609 concedendi
905 1573 955 1618 jus
977 1573 1009 1604 in
1036 1570 1148 1614 Belgio
1169 1568 1238 1611 regi
1260 1564 1424 1608 competit.

88 1646 214 1678 Verum
234 1650 342 1675 tamen
356 1641 428 1684 lege
449 1636 555 1670 nostra
570 1633 664 1667 fund.
681 1638 741 1664 art.
758 1633 789 1663 8.
807 1635 940 1661 cautum
960 1633 1022 1667 est,
1040 1631 1079 1657 ut
1094 1625 1119 1655 ii
1140 1622 1198 1666 qui
1214 1622 1258 1653 ita
1278 1619 1332 1664 jus
1345 1618 1426 1650 civi-

91 1700 164 1732 tatis
183 1710 200 1730 a
221 1707 297 1741 rege
318 1693 534 1731 obtinuerint,
558 1690 666 1722 minus
683 1686 780 1730 pleno
803 1689 929 1716 tantum
953 1681 1024 1726 jure
1049 1678 1179 1723 politico
1203 1676 1373 1712 fruantur,
1396 1678 1428 1703 et

94 1766 111 1786 a
126 1751 313 1786 muneribus
333 1747 526 1794 quibusdam
543 1745 624 1787 reip.
641 1739 869 1785 insignioribus
882 1735 1110 1769 excludantur.
1129 1729 1328 1764 Monendum
1345 1738 1429 1770 quo-

96 1818 159 1851 que
184 1812 249 1846 est,
275 1810 336 1837 art.
367 1805 409 1835 10
432 1800 575 1846 ejusdem
596 1798 675 1842 legis
698 1796 767 1839 regi
791 1802 972 1825 concessam
998 1789 1096 1821 fuisse
1126 1789 1315 1829 potestatem
1345 1782 1430 1812 intra

95 1861 279 1905 proximum
300 1871 318 1890 a
332 1856 534 1902 promulgata
553 1853 624 1897 lege
645 1849 740 1884 fund.
759 1859 880 1881 annum
901 1846 1036 1890 plenum
1056 1840 1139 1874 illud
1159 1839 1210 1884 jus
1229 1848 1305 1869 curn
1322 1841 1431 1867 extra-

96 1915 166 1947 neis
189 1910 460 1946 communicandi.

142 2012 185 2044 V.
219 2012 354 2043 Pactum
377 2021 442 2053 quo
460 2006 650 2052 peregrinus
673 2002 797 2037 civitati
819 2004 936 2031 nostrae
958 1994 1143 2028 adsciscitur
1166 2002 1233 2023 non
1258 1982 1352 2021 modo
1376 1997 1436 2018 ex-

98 2077 223 2112 presse,
240 2076 355 2099 verum
374 2064 471 2095 etiam
489 2062 584 2094 tacite
597 2057 795 2093 intervenire
815 2058 930 2098 potest.
955 2052 1141 2083 Extraneus
1153 2051 1261 2079 autem
1282 2054 1322 2075 ex
1339 2039 1435 2072 tacita
