1747 2620
702 263 845 304 (123)

112 339 287 383 ipsissimus
308 337 436 370 tandem
453 336 597 369 Bohnius
611 335 728 376 reFert⁷
749 335 924 367 studiosum
944 337 1115 378 quemdam
1135 337 1166 367 in
1189 338 1337 370 conflictu
1352 350 1452 372 vena-

113 393 190 425 bulo
207 393 413 424 transfossum
432 392 465 423 in
481 397 609 435 pectore
629 391 743 430 fuisse,
759 395 792 421 et
807 390 890 421 diem
908 389 1020 421 obiisse
1037 402 1242 433 supremum,
1259 403 1297 422 ex
1315 404 1350 423 eo
1366 393 1452 435 quod

113 447 224 490 pulmo
252 453 285 478 et
308 446 452 489 ejusdem
481 451 544 477 tres
569 445 757 488 insigniores
781 445 861 475 rami
882 445 1024 476 arteriosi
1047 445 1177 477 lacerati
1205 446 1350 477 fuissent.
1379 448 1454 479 Haec

113 501 179 532 illic
208 500 373 531 sufficiunt
397 505 435 531 ut
462 506 601 531 nostram
628 499 812 542 opinionem
842 499 1006 542 probatam
1028 499 1224 539 habeamus,
1252 507 1284 531 et
1305 507 1342 532 ut
1368 507 1454 532 certo

114 555 233 586 certius
258 553 472 585 stabiliamus:
500 554 585 597 quod
609 553 728 586 vulnus
754 565 854 597 prope
880 554 1072 596 pulmonum
1099 555 1220 586 radices
1242 555 1401 587 inflictum
1423 562 1456 587 et

115 609 230 641 horum
253 607 371 651 majora
393 620 463 640 vasa
489 608 608 640 laedens
629 608 752 640 nullam
774 609 944 639 sanationis
964 620 1052 651 spem
1075 609 1231 640 admittat.

159 663 206 693 Ex
217 662 380 702 omnibus,
392 674 464 706 quae
476 662 515 694 de
526 662 733 705 pulmonibus
744 663 826 693 dicta
839 663 930 694 fuere
943 663 1134 705 generaliter
1145 664 1294 706 sumptis,
1306 664 1457 696 audacter

114 727 282 759 possumus
298 728 371 748 cum
390 717 529 760 Metzger
540 716 587 758 (1)
602 716 758 747 stabilire:
778 716 910 749 vulnera
930 717 1123 759 pulmonum
1139 728 1202 748 non
1226 728 1291 748 esse
1309 717 1456 758 lethalia,

115 769 167 801 vel
192 770 416 801 tautummodo
447 781 505 813 per
532 770 678 801 accidens
705 770 800 810 talia,
828 770 853 801 si
875 781 940 801 non
971 771 1142 813 conspicua
1173 776 1250 802 sunt
1274 777 1306 801 et
1328 771 1457 802 illorum

115 823 324 855 substantiam
350 835 412 855 non
441 824 602 867 profunde
630 831 756 856 secant:
783 836 841 868 per
864 836 898 856 se
924 834 990 855 esse
1015 824 1180 855 lethiferas
1208 835 1317 855 omnes
1341 825 1457 856 horum

116 888 309 920 organorum
329 877 487 917 laesiones,
511 889 582 920 quae
603 878 765 920 profunde
790 878 860 909 illos
880 877 1052 910 vulnerant
1073 878 1194 921 absque
1218 890 1272 918 eo‚
1294 884 1331 910 ut
1352 880 1459 910 trunci

116 929 252 974 majores
272 936 336 961 tam
357 931 551 974 sanguiferi,
578 943 674 974 quam
696 932 824 963 aeriferi
844 937 1010 963 secentur:
1031 932 1080 962 his
1100 932 1196 962 etiam
1218 932 1458 964 adnumeranda

115 990 192 1016 suut
216 984 369 1025 vulnera,
401 996 473 1028 quae
499 985 558 1017 sub
586 985 743 1017 similibus
769 984 1004 1017 conditionibus
1030 984 1199 1027 pulmones
1224 985 1347 1017 laedunt
1371 992 1403 1018 et
1426 987 1461 1018 in

117 1037 179 1069 illis
197 1049 313 1081 corpus
333 1038 587 1081 haeterogeniurn
607 1039 780 1081 linquunt:
798 1045 829 1070 et
848 1039 977 1069 tandem
994 1038 1138 1070 absolute
1153 1039 1283 1071 lethalia
1303 1051 1368 1072 esse
1386 1040 1460 1071 talia

117 1092 260 1135 ipsorum
277 1092 430 1133 vulnera,
450 1103 522 1135 quae
544 1092 739 1135 infliguntur
759 1092 793 1122 in
818 1103 966 1124 vasorum
991 1092 1164 1123 insertione
1185 1093 1317 1136 ipsaque
1342 1100 1459 1125 secant.

242 1204 266 1247 g
300 1204 341 1236 V·
388 1214 552 1237 VULNERA
588 1214 754 1236 TRACHEAE
790 1215 950 1236 ARTERIAE
991 1216 1033 1236 ΕΤ
1070 1217 1334 1239 BRONCIIIORUM.

163 1311 307 1344 Trachea
328 1311 443 1342 arteria
463 1310 553 1342 binas
573 1309 671 1342 habet
689 1311 866 1354 portioneS‚
888 1322 951 1343 una
974 1311 1095 1344 scilicet
1116 1324 1188 1356 quae
1210 1314 1374 1347 cervicalis
1397 1322 1461 1358 est,

120 1366 219 1398 altera
238 1377 310 1409 quae
331 1365 499 1408 pectoralis
514 1365 648 1405 dicitur,
668 1375 706 1395 ex
728 1376 765 1396 eo
780 1364 866 1408 quod
886 1365 919 1396 in
938 1367 1075 1408 pectoris
1095 1373 1186 1409 parte
1205 1369 1370 1411 posteriori
1386 1381 1462 1412 pro-

118 1419 222 1452 funde
242 1419 363 1450 latitet:
391 1421 478 1461 prior
499 1431 570 1462 pars
591 1419 630 1450 ad
650 1425 795 1451 nostrum
820 1431 951 1463 scopum
974 1432 1039 1451 non
1062 1427 1200 1464 spectat,
1223 1424 1374 1465 quoniam
1397 1436 1462 1455 non

121 1474 160 1506 ad
175 1472 347 1517 pectoralia
367 1472 421 1504 sed
443 1473 549 1515 potius
567 1473 607 1504 ad
628 1473 794 1505 cervicalia
815 1485 932 1517 organa
952 1475 1122 1507 referenda
1144 1482 1201 1507 est.
1224 1477 1333 1508 Liceat
1353 1483 1461 1509 tamen

121 1528 175 1559 hic
203 1526 320 1558 addere
347 1526 482 1560 vulnera
513 1526 649 1571 hujusce
678 1529 848 1570 portionis,
880 1529 940 1559 nisi
970 1529 1119 1561 secentur
1144 1530 1268 1562 arteriae
1296 1531 1462 1564 carotideae

121 1592 254 1616 venaeve
279 1580 457 1625 jugulareS,
489 1581 576 1613 haud
602 1593 728 1625 semper
754 1582 884 1613 lethalia
910 1594 993 1624 esse3
1025 1584 1165 1615 admittit
1189 1585 1277 1617 enim
1298 1585 1367 1617 haec
1391 1597 1463 1629 pars

124 1646 257 1668 manum
278 1634 453 1675 medentis,
476 1642 608 1677 possunt
629 1637 707 1669 huic
730 1638 871 1670 remedia
898 1638 1063 1671 salutifera
1083 1640 1253 1683 applicari⁷
1280 1646 1311 1672 et
1333 1640 1462 1673 nullum

125 1695 354 1734 argumentum
378 1690 478 1732 magis
503 1690 615 1733 probat
642 1692 750 1736 plagas
775 1693 912 1725 tracheae
934 1694 967 1724 in
994 1693 1075 1725 collo
1095 1693 1197 1725 illatas
1224 1695 1327 1726 sanari
1355 1707 1462 1739 posse,

124 1756 222 1789 quam
243 1743 471 1775 tracheotomia
492 1745 661 1787 saepissime
680 1747 824 1778 instituta
848 1753 880 1779 et
901 1747 1021 1791 optimo
1042 1759 1190 1779 successu
1210 1748 1342 1780 donata:
1365 1761 1464 1792 penes

127 1809 338 1843 quoscunque
354 1804 515 1838 auctores,
533 1800 589 1842 qui
609 1799 647 1831 de
662 1800 824 1845 chirurgia
840 1801 1002 1842 scribunt,
1017 1802 1219 1835 inveniendae
1240 1808 1315 1834 sunt
1330 1803 1464 1847 hujusce

127 1853 320 1896 operationis
356 1852 536 1884 relationes.
573 1854 605 1885 Si
638 1860 745 1887 tamen
778 1855 897 1888 vulnus
926 1857 1056 1887 arterias
1084 1856 1256 1887 carotideas
1291 1857 1343 1890 vel
1370 1869 1465 1891 venas

127 1906 292 1952 jugulares
310 1907 416 1950 attigit
433 1913 465 1938 et
484 1908 602 1948 secuit,
626 1910 771 1952 protinus
790 1910 1021 1952 haemorrhagffi
1037 1916 1176 1953 pereunt
1191 1912 1321 1943 sauciati
1337 1918 1369 1943 et
1386 1919 1464 1944 tunc

130 1960 274 1992 absolute
292 1960 411 1992 lethale
432 1967 479 1993 est
499 1961 682 1995 dicendum.
709 1964 784 1996 Haec
805 1964 963 1995 sufficiant
984 1964 1022 1996 de
1044 1965 1141 2005 haece
1160 1966 1316 2008 portione.

193 2077 226 2106 (1)
243 2076 359 2107 Metzger7
381 2084 452 2107 opere
470 2077 520 2107 jam
539 2077 625 2109 citato,
645 2087 700 2110 pag,
721 2080 769 2103 155.
