1747 2620
891 263 1002 305 (26)

290 336 548 375 includerentur,
574 336 739 368 hominum
761 337 897 375 animos,
921 337 1000 367 tanti
1023 342 1127 368 tamen
1146 338 1291 379 ponderis
1313 339 1414 369 visum
1442 345 1488 369 est
1515 339 1607 370 Men-

289 390 468 429 delsolmiO,
490 391 557 422 viro
574 391 768 429 acutissimo,
790 397 827 421 ut
843 402 936 421 suum
956 390 987 421 id
1004 391 1123 421 faceret
1139 397 1234 433 atque
1250 391 1403 433 copiosius
1419 392 1607 434 explicaret,

289 445 331 474 ita
358 449 395 474 ut
420 443 458 474 ad
483 444 737 474 mathematicam
764 444 830 473 fere
857 443 1046 475 evidentiam
1077 444 1240 475 accederet
1265 445 1333 487 ejus
1364 446 1606 485 argumentatio.
1637 439 1639 441 ,

289 497 356 528 Hoc
378 497 468 527 modo
490 508 555 527 sese
576 497 680 527 habet.
707 497 822 527 Nullus
845 502 890 527 est
911 497 942 526 in
964 503 1027 527 tota
1049 503 1161 528 natura
1182 498 1345 534 interitus3
1373 509 1444 528 nam
1468 498 1499 529 id
1522 499 1607 540 quod

290 551 419 580 interire
439 550 578 588 videtur,
598 561 661 580 non
679 549 743 580 abit
759 551 791 579 in
808 549 963 589 nihilum,
983 550 1036 581 sed
1053 551 1086 580 in
1102 551 1199 582 alium
1217 557 1332 582 statum
1352 553 1470 582 transit.
1496 552 1608 583 Omnis

289 614 379 642 vero,
401 614 470 645 quae
489 603 520 633 in
539 609 600 633 tota
617 614 724 633 rerum
741 609 853 633 natura
871 602 1008 641 obtinet,
1030 604 1163 634 mutatio
1178 610 1260 635 statu
1278 605 1458 635 continetur
1478 605 1606 647 triplici:

290 656 369 686 alius
388 661 451 693 est,
472 666 510 686 ex
529 667 592 697 quo
610 667 658 686 res
672 662 792 686 mutata
808 656 955 695 discedit,
976 656 1055 688 alius
1071 656 1109 687 ad
1127 668 1223 699 quem
1240 659 1386 699 pervenit
1402 669 1450 689 res
1469 665 1606 697 mutata,

290 708 369 739 alius
395 708 533 750 denique
561 714 626 747 est,
655 709 710 751 qui
732 710 815 739 inter
838 709 893 739 hos
920 709 998 740 duos
1022 710 1191 741 intercedit
1216 716 1248 741 et
1273 722 1369 753 quem
1395 717 1537 753 permeat
1558 722 1607 742 res

289 767 420 791 mutata.
443 761 524 799 Quae
544 761 684 792 transitio
703 762 877 803 requiritur
894 774 934 793 ne
955 773 1004 793 res
1019 764 1124 794 subito
1143 765 1176 794 in
1196 764 1293 795 alium
1313 770 1429 795 statum
1446 770 1606 803 mutetur,

290 814 344 844 sed
372 814 525 856 paulatim
554 820 586 844 et
612 815 807 846 successione
835 816 1003 857 graduum.
1040 815 1207 858 Quidquid
1237 817 1323 847 enim
1353 817 1506 848 mutabile
1540 823 1606 856 est,

291 868 401 908 quovis
427 867 575 908 temporis
598 873 757 897 momento
781 874 923 899 mutatur
947 875 979 899 et
1000 880 1038 899 ex
1063 869 1124 899 alio
1147 869 1186 899 ad
1211 869 1309 900 alium
1332 875 1447 901 statum
1474 871 1609 901 transire

290 930 455 960 nunquam
478 918 602 948 desinit.
626 919 663 949 In
683 920 831 961 temporis
849 921 1044 951 successione
1062 932 1104 951 ne
1124 921 1187 952 duo
1206 922 1334 964 quidem
1351 929 1510 953 momenta
1532 924 1607 965 poni

288 976 439 1013 possunt,
471 981 541 1013 quae
567 970 624 1001 sibi
644 972 781 1003 invicem
805 973 868 1002 sint
888 973 1031 1014 proxima
1055 979 1087 1004 et
1108 974 1192 1004 inter
1218 985 1289 1016 quae
1312 986 1376 1005 non
1401 976 1606 1006 intervallum

290 1023 447 1066 quoddam
468 1023 652 1055 intercedat.
679 1024 730 1055 Sic
749 1025 844 1056 etiam
861 1025 894 1055 in
914 1026 1025 1067 quavis
1045 1036 1153 1057 rerum
1173 1026 1376 1058 mutabilium
1394 1028 1606 1067 successione,

290 1076 372 1107 nulli
396 1082 494 1107 status
521 1078 595 1118 poni
621 1083 753 1119 possunt
777 1078 836 1109 sihi
864 1079 1002 1111 invicem
1027 1080 1184 1121 proximi,
1223 1080 1306 1111 inter
1333 1091 1410 1122 quos
1434 1091 1499 1110 non
1528 1080 1609 1111 alius

290 1130 419 1172 quidam
439 1136 536 1161 status
556 1131 689 1162 intersit.
717 1131 787 1162 Jam
808 1143 883 1163 vero
903 1133 1051 1163 interitus
1072 1133 1191 1174 positus
1207 1138 1254 1163 est
1273 1133 1306 1163 in
1324 1132 1478 1175 ejusmodi
1500 1139 1608 1164 muta-

291 1184 376 1214 tione
395 1195 465 1226 quae
484 1183 574 1214 abeat
593 1185 626 1215 in
645 1184 798 1224 nihilum,
820 1190 852 1216 et
869 1186 907 1216 sit
928 1186 1077 1216 transitus
1097 1185 1136 1216 ab
1152 1197 1225 1216 esse
1244 1185 1283 1216 ad
1305 1197 1370 1216 non
1388 1197 1470 1217 esse.
1496 1186 1609 1228 Itaque

290 1247 364 1267 cuin
389 1237 535 1267 interitus
559 1238 613 1268 fiat
637 1238 703 1268 sine
726 1238 921 1269 successione
943 1238 1101 1279 graduum
1125 1244 1157 1269 et
1180 1239 1264 1270 inter
1292 1250 1364 1270 esse
1386 1245 1418 1270 et
1447 1251 1511 1269 non
1535 1250 1608 1270 esse

289 1289 416 1320 nullum
436 1290 610 1321 intercedat
631 1291 851 1331 intervallum,
873 1292 908 1322 in
931 1302 1038 1323 rerum
1060 1297 1174 1323 natura
1192 1292 1274 1323 nihil
1295 1292 1393 1334 ipsius
1413 1298 1535 1323 naturae
1556 1292 1608 1324 vi-

289 1342 376 1373 ribus
396 1343 525 1374 interire
546 1349 657 1386 potest.
683 1344 796 1387 Neque
816 1345 914 1387 igitur
935 1346 1033 1387 magis
1049 1347 1116 1377 fieri
1137 1351 1249 1389 queat,
1270 1351 1308 1377 ut
1325 1346 1450 1376 animus
1469 1345 1571 1377 subito
1588 1356 1604 1375 a

290 1396 353 1428 vita
375 1402 511 1428 transeat
532 1397 571 1428 ad
595 1404 744 1437 mortem,
769 1399 792 1428 i.
809 1409 836 1429 e.
859 1397 898 1428 ab
919 1399 1084 1429 existentia
1105 1398 1143 1429 ad
1161 1398 1299 1429 nihilum
1316 1399 1373 1440 (1).

333 1450 374 1480 At
392 1462 465 1482 vero
480 1462 543 1481 non
562 1451 664 1482 solum
688 1463 740 1489 ea,
762 1463 835 1494 quae
855 1452 888 1482 in
911 1451 1025 1482 humili
1045 1457 1150 1482 nostro
1169 1457 1260 1481 terrae
1281 1450 1356 1481 orbe
1378 1450 1605 1490 inveniuntur,

290 1504 467 1533 animorum
494 1504 761 1535 immortalitatem
787 1504 977 1547 praedicant,
1004 1505 1058 1535 sed
1082 1504 1226 1536 lucidum
1252 1510 1428 1543 astrorum,
1455 1515 1527 1546 quae
1547 1515 1606 1547 per

289 1561 391 1586 totum
418 1556 539 1586 coelum
562 1563 653 1588 nocte
679 1557 823 1599 fulgent,
849 1557 991 1588 ordinem
1015 1558 1241 1600 suspicientes,
1272 1557 1366 1588 altius
1394 1558 1488 1588 etiam
1517 1557 1604 1588 illam

290 1609 455 1640 veritatem
475 1609 635 1640 mentibus
652 1611 781 1641 infixam
804 1610 1001 1641 habebimus.
1034 1611 1148 1641 Omnia
1168 1611 1253 1641 enim
1275 1610 1327 1641 illa
1350 1616 1446 1649 astra,
1468 1622 1539 1653 quae
1559 1616 1606 1641 tot

289 1662 403 1692 mundi
424 1662 578 1693 censenda
599 1669 689 1702 sunt,
711 1675 784 1694 cum
807 1664 934 1706 physica
956 1664 1121 1695 manifesto
1139 1665 1323 1696 necessitate
1342 1675 1450 1695 secum
1466 1665 1604 1695 invicem

290 1715 352 1745 sint
372 1713 557 1757 conjuncta,
576 1716 609 1746 in
627 1716 761 1747 dubium
782 1718 886 1749 vocari
901 1718 1028 1759 nequit,
1048 1717 1126 1759 quin
1142 1716 1266 1748 moralis
1280 1727 1407 1758 quoque
1424 1715 1606 1759 conjunctio

290 1768 373 1798 inter
393 1779 429 1798 ea
449 1779 600 1800 eorumve
618 1769 735 1800 incolas
754 1769 859 1801 locum
880 1771 919 1800 sit
939 1770 1096 1801 habitura.
1126 1772 1320 1802 Immensum
1340 1770 1461 1800 naturis
1484 1770 1605 1800 ratione

290 1820 428 1863 praeditis
456 1822 604 1863 aperiunt
641 1823 770 1853 actionis
798 1829 893 1865 atque
918 1823 1075 1854 felicitatis
1104 1835 1271 1865 campum,
1302 1833 1398 1865 quem
1424 1828 1552 1861 tamen,
1579 1823 1605 1853 si

290 1875 402 1905 animis
425 1875 642 1906 immortalitas
664 1876 854 1918 denegetur,
880 1877 962 1907 nulli
989 1878 1069 1907 inire
1089 1876 1260 1915 continget.
1293 1875 1374 1914 Quis
1397 1880 1522 1914 autem,
1544 1874 1605 1905 ho-

290 1928 409 1959 minem
436 1927 537 1959 solum
565 1928 623 1959 hac
649 1931 793 1961 omnium
821 1935 1008 1961 naturarum
1035 1929 1233 1961 rationalium
1264 1929 1411 1959 societate
1437 1928 1604 1960 exclusum

346 2059 389 2087 (1)
406 2058 446 2081 Cf.
467 2059 625 2082 Mendelsohu
641 2060 667 2082 iu
683 2060 815 2090 Phaedone,
834 2062 844 2084 Ι
861 2069 939 2092 gespr.
961 2070 986 2092 p.
1002 2062 1027 2084 81
1048 2069 1086 2092 sq.
