1747 2620
716 264 831 307 (53)

112 339 220 385 judice
237 339 368 384 Belgico
382 339 555 372 convenire
568 349 677 382 posse,
690 338 789 382 idque
802 344 867 369 tam
882 339 917 370 in
928 350 1017 371 mere
1028 340 1192 381 civilibus,
1204 352 1300 384 quam
1318 343 1351 373 in
1368 354 1457 374 com—

111 394 317 426 mercialibus
336 395 472 438 negotiis
493 393 556 437 (de
577 392 670 424 modo
691 392 887 436 procedendi
905 393 939 424 in
957 393 1044 426 hisce
1065 394 1188 427 casibus
1206 395 1249 426 Cf
1261 395 1368 427 Carre.
1388 397 1454 428 Les

113 449 178 480 lois
199 460 259 479 sur
277 449 325 479 les
339 447 497 491 juridict.
520 447 657 484 civiles,
680 453 739 478 art.
762 447 860 489 228.)

154 502 308 548 Ejusdem
330 503 481 546 principii
501 508 669 545 respectu,
690 502 762 545 lege
785 504 827 533 10
847 502 1043 546 Septembris
1061 505 1164 544 1807,
1183 503 1333 536 creditori
1349 504 1457 547 Belgae

111 556 163 601 jus
183 568 367 589 concessum
389 562 437 588 est
456 563 649 588 extraneum
672 556 849 588 debitorem
871 569 984 598 suum,
1008 559 1064 601 qui
1084 559 1118 590 in
1140 558 1252 602 Belgio
1273 570 1380 602 neque
1399 558 1459 590 do-

109 610 288 651 micilium,
320 622 428 654 neque
455 611 619 650 fundum,
650 621 757 653 neque
789 610 921 642 domum
951 613 1179 644 mercatorium
1209 612 1268 643 sibi
1297 613 1458 655 propriam

109 664 225 705 habet,
246 665 279 696 in
299 676 427 697 carcere
444 666 636 708 provisorie,
652 670 690 696 ut
705 665 814 704 aiunt,
833 664 1018 705 detinendi;
1037 666 1117 708 quin
1132 672 1217 697 etex
1235 666 1347 698 eodem
1368 667 1460 709 prin—

110 720 194 762 cipio
215 719 386 762 profluxit,
409 719 497 763 quod
516 719 640 750 debitor
661 724 835 749 extraneus
853 719 888 749 in
911 718 1023 763 Belgio
1044 719 1083 751 ad
1104 721 1279 751 cessionem
1301 720 1458 752 bonorum

110 773 236 805 admitti
265 779 406 816 nequeat
440 773 521 815 (art.
547 772 611 805 905
639 772 676 803 C.
705 771 830 815 proc.)
863 772 992 811 Quibus
1025 773 1159 817 cogendi
1191 773 1303 805 mediis
1333 774 1461 805 nonnisi

112 839 261 871 expresso
280 840 316 859 ac
335 827 466 871 publico
482 828 628 871 gentium
645 833 739 871 pacto
754 828 900 858 extranei
915 827 1053 859 subduci
1069 833 1213 870 possunt.
1231 828 1381 871 Denique
1395 828 1461 860 huc

110 882 281 914 referenda
303 888 350 913 est
370 881 522 925 obligatio
543 883 641 913 actori
661 888 831 922 extraneo,
855 882 964 913 stricte
985 883 1029 913 sic
1050 882 1151 921 dicto,
1175 883 1340 926 imposita,
1361 894 1461 926 praes-

111 936 218 975 tandi,
235 937 417 967 cautionem
436 935 615 979 judicatum
632 935 727 974 solvi,
742 946 878 978 eamque
895 935 1110 978 personalem,
1127 937 1188 967 nisi
1201 936 1320 967 realem
1336 938 1461 980 praesti-

112 991 189 1020 terit
212 989 310 1031 idque
332 989 458 1031 quoties
483 999 558 1019 reus
584 987 682 1031 Belga
704 999 774 1019 eam
799 989 983 1021 cautionem
1004 991 1141 1033 requirit
1162 991 1244 1033 (art.
1263 991 1328 1023 166
1349 997 1381 1022 et
1397 991 1460 1025 167

115 1041 150 1073 C.
174 1042 285 1085 proc.)
311 1042 394 1073 Huic
417 1048 526 1073 autem
550 1041 736 1084 obligationi
759 1043 879 1086 pariter
899 1045 1027 1075 nonnisi
1048 1056 1086 1075 ex
1112 1050 1206 1088 pacto
1229 1044 1361 1088 publico
1384 1044 1462 1077 sub-

113 1096 213 1127 strahi
238 1100 375 1137 possunt
395 1095 553 1125 extranei.

155 1201 343 1232 XXXVIII.
379 1202 429 1233 De
459 1203 629 1246 peregrino
660 1209 767 1235 actore
794 1204 946 1237 adversus
974 1206 1107 1250 Belgam
1136 1218 1229 1239 reum
1257 1220 1275 1239 a
1299 1207 1462 1252 judicibus

111 1255 226 1287 nostris
248 1255 463 1295 admittendo,
485 1257 633 1299 expressa
659 1258 735 1289 Cod.
754 1259 823 1290 Civ.
846 1259 1052 1302 dispositione
1070 1267 1228 1294 statutum
1250 1269 1308 1294 est.
1337 1263 1464 1307 Nempe

111 1316 170 1341 art.
189 1309 229 1341 15
251 1310 410 1342 sancitum
431 1317 494 1350 est,
516 1311 648 1354 Belgam
666 1324 773 1343 coram
793 1313 863 1344 foro
878 1313 1010 1357 Belgico
1030 1316 1197 1348 conveniri
1218 1328 1308 1360 posse
1329 1323 1462 1361 propter

111 1363 320 1407 obligationes
343 1376 423 1407 quas
445 1365 479 1395 in
506 1365 611 1397 alieno
637 1367 798 1398 territorio
818 1368 915 1399 etiam
942 1379 1017 1412 erga
1040 1375 1233 1401 extraneum
1254 1372 1461 1403 contraxerit.

112 1419 319 1462 Quapropter
347 1418 562 1451 dubitandum
594 1432 657 1452 non
687 1427 750 1461 est,
781 1421 914 1466 Belgam
940 1429 1072 1466 propter
1097 1423 1305 1467 obligationes
1332 1437 1463 1469 quoque

113 1473 146 1504 in
176 1484 276 1516 regno
305 1478 413 1504 nostro
441 1480 624 1517 susceptas,
666 1482 753 1507 recte
787 1477 822 1507 in
852 1476 903 1520 jus
938 1479 1044 1510 vocari
1073 1490 1090 1509 a
1121 1480 1316 1522 peregrino:
1348 1479 1463 1512 absur—

113 1527 190 1558 dum
212 1527 299 1558 enim
320 1527 421 1568 foret,
444 1529 473 1559 ei
495 1529 548 1560 cui
572 1529 645 1572 plus
665 1530 758 1571 licet,
783 1530 869 1574 quod
897 1533 1004 1563 minus
1026 1538 1089 1572 est,
1115 1544 1180 1564 non
1201 1532 1311 1565 licere.
1337 1533 1462 1566 Verum

112 1580 166 1611 hic
183 1580 247 1625 jam
268 1580 329 1612 alia
350 1583 472 1614 moveri
491 1589 596 1625 potest
614 1586 763 1627 quaestio,
785 1584 919 1616 ubinam
939 1585 1062 1617 scilicet
1081 1586 1116 1617 in
1134 1586 1247 1630 Belgio
1261 1586 1361 1630 Belga
1383 1598 1462 1618 con—

112 1636 292 1668 veniendus
310 1636 350 1668 ab
365 1643 518 1669 extraneo
534 1638 597 1670 sit?
616 1640 724 1683 Atque
739 1651 778 1672 ex
797 1640 877 1684 legis
891 1646 1006 1671 nostrae
1022 1640 1149 1671 silentio
1165 1640 1381 1673 decidendum
1397 1647 1460 1674 est>

114 1701 299 1722 communes
315 1690 355 1722 de
371 1691 440 1723 foro
457 1699 660 1736 competente
679 1694 822 1737 regulas,
840 1695 875 1725 in
890 1694 1003 1736 Belgio
1019 1700 1180 1737 receptaS,
1197 1695 1367 1727 servandas
1383 1707 1459 1728 esse.

156 1744 227 1777 Jam
252 1745 292 1777 ad
312 1747 452 1778 actiones
472 1748 719 1791 peregrinorum
741 1749 826 1780 inter
848 1760 898 1789 se,
920 1749 954 1779 in
978 1747 1090 1791 Belgio
1113 1748 1322 1789 exercendas,
1343 1761 1461 1793 perve-

115 1797 230 1830 nimus.
252 1800 301 1831 De
319 1801 357 1832 iis
379 1801 510 1845 quidem
533 1802 567 1833 in
587 1801 714 1846 legibus
734 1803 848 1834 nostris
870 1802 994 1835 nullam
1015 1813 1198 1846 expressam
1220 1802 1459 1846 dispositionem

115 1854 264 1895 reperies.
290 1854 400 1893 Quare
416 1856 455 1887 ad
472 1856 622 1900 generale
639 1856 718 1901 juris
736 1858 835 1889 nostri
854 1863 1013 1889 statutum
1031 1857 1265 1889 recurrendum
1284 1863 1347 1898 est,
1363 1858 1460 1890 adeo—

115 1916 179 1949 que
199 1916 238 1937 ex
259 1907 326 1949 ipso
346 1908 455 1952 legum
475 1910 605 1942 silentio
623 1911 901 1951 concludendum,
923 1921 965 1942 ne
984 1909 1136 1942 adversus
1155 1911 1364 1954 peregrinum
1385 1913 1461 1955 qui-

115 1959 188 1991 dem
222 1963 393 2005 peregrino
425 1963 681 2007 jurisdictionem
713 1971 854 1997 nostram
884 1975 952 1996 esse
984 1963 1227 2007 denegandam,
1261 1965 1322 1998 hac
1352 1973 1460 1998 tamen

115 2015 254 2046 naturali
279 2015 485 2058 limitatione,
513 2025 552 2051 ut
574 2031 617 2052 ne
641 2031 789 2063 unquam
808 2019 880 2063 jura
903 2018 1068 2062 peregrini
1094 2019 1142 2050 rei
1163 2019 1335 2052 violentur.
1360 2019 1459 2064 Cujus

113 2066 311 2100 limitationis
337 2080 374 2101 ea
391 2071 438 2103 vis
456 2077 521 2112 est,
547 2078 584 2104 ut
603 2074 795 2116 peregrinus
813 2084 830 2104 a
851 2073 1022 2117 peregrino
1045 2084 1150 2106 coram
1173 2073 1301 2119 judiciis
1324 2074 1461 2118 Belgicis
