1747 2620
936 294 1027 337 (4)

319 371 497 403 cavendum
517 371 636 403 civitati
658 376 720 410 est,
744 380 785 401 ne
806 369 857 402 vel
874 368 1095 400 abalienentur
1115 375 1341 402 extraneorum
1359 371 1474 411 animi,
1495 371 1594 403 nimio
1614 372 1649 402 in

318 447 374 467 eos
394 436 497 478 rigore
516 435 673 474 adhibito,
698 434 748 467 vel
768 433 867 464 nimia
885 434 918 464 in
940 444 992 464 eos
1009 432 1230 466 benevolentis
1254 435 1373 466 civium
1399 434 1518 467 invidia
1540 435 1649 466 conci-

318 505 422 539 tetur;
454 500 569 530 deinde
591 498 717 542 publica
739 499 858 530 civium
879 497 1014 529 felicitas
1037 497 1149 540 opibus
1174 503 1269 541 atque
1294 498 1451 529 industria
1479 504 1649 530 extraneo—

318 576 392 595 rum
415 564 446 594 in
468 575 602 606 regnum
628 563 722 594 illatis
744 562 908 606 adjuvari,
933 562 1112 605 iisdemque
1138 569 1227 594 extra
1251 562 1449 594 territorium
1476 562 1649 605 deportatis

317 628 466 671 impediri
491 617 611 670 potest,
644 639 680 658 ac
705 627 845 670 denique
869 638 1036 669 nunquam
1063 625 1144 657 illud
1165 637 1204 656 ex
1232 632 1405 669 conspectu
1433 626 1649 658 omittendum

317 698 380 731 est,
408 703 516 722 omnes
536 692 699 730 homines,
725 690 814 721 nullo
836 690 957 732 gentis,
983 689 1020 722 ad
1041 701 1137 732 quam
1159 690 1341 732 pertinent,
1366 689 1564 730 discrimine,
1588 701 1648 721 na-

319 755 415 786 turali
435 755 571 797 quadum
591 754 812 786 benevolentia
833 754 990 785 contineri
1013 760 1171 797 oportere.

361 819 407 850 Ac
430 819 559 858 revel-2⁴1,
581 830 644 861 quo
666 819 764 861 magis
782 819 918 861 quisque
939 818 1079 862 populus
1101 818 1140 849 ad
1162 818 1396 849 humanitatem
1418 818 1566 850 excultus
1587 824 1649 858 est,

318 893 355 913 eo
379 881 598 924 benigniorem
621 892 687 912 sese
707 893 781 923 erga
807 888 973 912 extraneos
994 881 1131 924 praebet,
1154 881 1346 924 regulasque
1365 883 1530 921 comitate,
1551 888 1650 925 atque

317 945 452 976 humani
480 945 604 986 generis
636 945 800 975 communi
834 944 974 975 utilitate
1006 945 1204 986 praescriptas
1238 946 1418 977 accuratius
1451 947 1648 988 exsequitur.

317 1008 500 1039 Necessario
521 1007 605 1038 enim
625 1006 736 1049 populi
760 1005 866 1037 cultus
884 1007 918 1037 in
940 1007 1097 1037 actionem
1119 1007 1263 1049 imperii,
1286 1014 1350 1039 tam
1367 1016 1532 1040 externam
1552 1021 1650 1051 quam

317 1073 492 1109 internam,
518 1072 583 1103 vim
605 1082 694 1102 suam
718 1062 864 1110 exerce't3
894 1070 982 1102 uude
1013 1076 1100 1101 recte
1121 1070 1202 1101 dixit
1227 1070 1267 1101 cl.
1287 1071 1449 1111 Schmalz,
1475 1072 1509 1102 in
1534 1082 1650 1114 opere,

318 1134 431 1179 gallice
452 1147 557 1175 verso,
578 1135 608 1166 le
628 1135 719 1165 Droit
737 1134 791 1165 des
813 1134 899 1165 Gens
921 1133 1108 1178 Europeen,
1130 1135 1185 1167 liv.
1208 1135 1232 1166 I.
1254 1135 1304 1165 ch.
1329 1136 1364 1165 2:
1394 1147 1412 1166 ))
1429 1136 1477 1166 Le
1494 1135 1595 1178 degre'
1611 1135 1651 1166 cle

316 1201 523 1231 civiliscztion
547 1201 589 1231 012
608 1205 658 1230 est
673 1210 844 1241 parvenue
869 1199 1000 1241 chaque
1023 1200 1139 1230 nation
1165 1210 1206 1229 en
1225 1199 1444 1240 particulier,
1471 1198 1650 1229 determine

317 1266 353 1295 la
377 1265 521 1295 muniere
543 1264 622 1294 dont
641 1264 704 1294 elle
728 1275 764 1294 se
786 1269 950 1305 comporte
975 1275 1090 1295 envers
1116 1264 1164 1294 les
1190 1262 1402 1305 dtrangers.’'

361 1328 436 1359 Haec
465 1329 564 1370 igitur
590 1327 817 1367 consideratio,
849 1339 923 1370 quae
952 1327 1035 1368 sola,
1072 1328 1168 1358 etiam
1192 1328 1217 1358 si
1245 1328 1347 1358 omnis
1381 1327 1441 1359 alia
1471 1327 1648 1367 deficeret,

316 1397 542 1435 argumentum
563 1391 602 1422 de
625 1390 750 1435 juribus
775 1397 1003 1422 extraneorum
1023 1390 1056 1421 in
1080 1390 1193 1433 Belgio
1217 1401 1372 1433 magnum
1394 1396 1491 1433 atque
1515 1390 1650 1422 investi-

315 1457 440 1499 gatione
465 1455 599 1498 dignum
621 1454 785 1494 redderet,
811 1454 955 1497 profecto
978 1453 1075 1484 etiam
1095 1455 1129 1484 in
1151 1454 1389 1484 exeusationem
1412 1453 1491 1484 mihi
1513 1452 1647 1493 valebit,

315 1519 371 1561 qui
393 1530 456 1549 uon
476 1524 540 1549 tam
560 1517 600 1549 ob
622 1518 708 1549 illius
729 1517 843 1548 laboris
864 1516 1101 1557 difficultatem,
1126 1517 1311 1560 viriumque
1337 1528 1481 1548 mearum
1507 1518 1650 1548 tenuita-

316 1588 381 1613 tem
404 1582 532 1622 anxius,
555 1593 651 1624 quam
669 1582 774 1624 potius
793 1582 891 1624 ipsius
913 1581 1065 1612 doctrinae
1084 1580 1230 1612 ubertate
1249 1593 1285 1612 ac
1303 1581 1459 1624 dignitate
1475 1581 1648 1621 excitatus,

317 1644 358 1676 ad
377 1644 463 1676 illam
486 1645 708 1688 exponendam
733 1645 821 1677 rudis
842 1645 1135 1686 inexercitatusque
1156 1643 1282 1675 accedo.

360 1708 445 1739 Utut
465 1709 540 1747 erit,
565 1709 615 1741 vel
638 1708 720 1740 illud
744 1720 783 1740 ex
804 1709 949 1751 impenso
969 1707 1076 1739 labore
1100 1714 1290 1740 consecutus
1311 1719 1386 1748 ero,
1413 1713 1450 1739 ut
1473 1707 1648 1750 disciplinae

317 1771 461 1815 juridicae
481 1773 636 1815 principia
663 1779 888 1816 praeceptaque
909 1772 1030 1816 aliquot
1054 1772 1284 1811 reconditiora,
1311 1781 1385 1814 quae
1411 1770 1491 1802 mihi
1509 1781 1651 1813 perpen—

318 1834 421 1866 denda
446 1842 478 1867 et
499 1837 716 1879 investiganda
741 1837 896 1877 fuerunt,
925 1836 1026 1867 menti
1057 1836 1152 1866 infixa
1181 1835 1331 1878 deinceps
1357 1834 1519 1873 haereant3
1546 1839 1594 1873 et,
1624 1834 1648 1864 si

319 1898 402 1929 forte
422 1898 461 1929 al)
482 1899 542 1930 alio
562 1900 703 1932 cultioris
725 1901 847 1944 ingenii
867 1900 972 1943 palma
994 1906 1149 1943 praerepta
1173 1900 1286 1938 fuerit,
1311 1905 1417 1929 tamen
1437 1909 1495 1941 ego
1515 1903 1649 1928 conten-

320 1962 413 1993 tionis
433 1963 605 1995 molestiam
626 1977 690 1996 non
713 1965 910 2006 detrectans,
931 1964 1092 2009 judicibus
1114 1963 1192 1995 meis
1207 1962 1345 1994 liberalis
1361 1961 1458 1994 studii
1479 1971 1649 2004 operaeque

320 2025 402 2057 bene
423 2027 533 2069 positae
553 2028 713 2070 specimen
733 2028 861 2060 dedero.
