1747 2620
903 254 1016 298 (80)

294 348 311 368 ))
328 335 466 367 militum
488 333 618 365 nomine
639 331 740 363 Dalon
758 331 792 361 in
812 329 974 361 obsidione
992 327 1077 360 urbis
1099 327 1250 370 Rupillae,
1273 327 1423 370 glandula
1443 327 1627 370 sclopetarizi

294 404 312 422 )›
328 390 488 434 perfossus
505 389 583 427 fuit,
604 398 675 430 quae
691 397 790 429 prope
805 383 1014 427 appendicem
1037 381 1249 425 xyplioi'deam
1267 381 1474 424 diaphragma
1495 382 1629 412 transie-

294 451 395 484 »rat3
426 449 584 486 superstes
613 441 690 471 huic
717 439 842 470 vulneri
875 438 990 468 mansit
1018 447 1074 478 per
1100 447 1153 466 sex
1186 446 1325 475 menses,
1357 434 1474 477 quibus
1501 434 1630 466 tandem

295 512 313 531 »
330 499 480 542 peractis,
503 495 600 527 colica
622 499 788 535 correptus
811 492 917 534 periit.
946 491 1089 521 Medicus
1111 489 1333 528 Guillemeau,
1362 489 1417 531 qui
1444 494 1512 531 post
1535 488 1631 532 hujus

295 553 496 586 »interitum
524 548 659 580 cadaver
682 547 800 585 secuit,
829 545 972 576 adstante
997 545 1122 583 l’araeo,
1145 543 1226 575 vidit
1251 544 1440 574 intestinum
1465 542 1571 573 colum
1599 543 1631 573 in

296 621 313 639 ))
329 607 505 638 Thoracem
524 603 702 646 irrepsisse,
719 601 864 644 quamvis
882 605 987 630 tamen
1005 598 1162 629 orificium
1182 598 1306 639 antiqui
1325 596 1466 629 vulneris
1481 597 1532 628 vix
1549 596 1635 639 digi-

295 674 313 693 ))
331 667 397 692 tum
416 657 628 690 auricularem
645 653 859 687 admitteret.”
881 653 978 684 Abest
994 653 1092 695 igitur
1107 657 1143 682 ut
1158 657 1301 694 oporteat
1319 651 1444 694 plagam
1460 650 1634 693 diaphrag—

295 716 387 747 matis
411 715 445 744 in
469 713 570 743 latum
596 716 758 741 extensam
783 719 849 739 esse
871 713 906 739 ut
929 706 1054 737 lethalis
1078 705 1141 737 dici
1168 711 1340 736 mereatur.
1372 705 1530 736 Referunt
1556 704 1635 734 Hol-

294 770 409 807 lerius,
422 765 637 807 Glandorpius
649 769 681 794 et
693 760 918 793 Diemerbroek
934 761 982 802 (1)
997 759 1143 802 exempla
1156 760 1360 790 curationum
1374 758 1531 797 vulneris,
1549 758 1636 801 quod

298 828 419 866 partem
436 820 516 862 septi
533 817 700 848 transversi
713 827 874 846 carnosam
888 813 1046 851 adiverat,
1061 820 1090 843 at
1103 814 1267 845 enimvero
1283 812 1335 843 illa
1351 813 1468 843 rariora
1484 818 1559 843 sunt
1571 812 1634 853 (2),

298 876 357 907 nisi
371 876 453 905 forte
468 883 565 915 prope
577 870 713 914 hujusce
729 868 866 899 musculi
881 868 1086 898 insertionem
1099 867 1138 897 ad
1157 873 1271 905 costas,
1285 866 1516 898 vulnusculum
1533 865 1638 908 quod-

297 931 370 962 dam
391 928 517 959 illatum
539 926 653 962 fuerit,
681 929 784 966 potest
809 923 894 953 enim
918 928 996 952 tunc
1022 921 1097 951 artis
1118 920 1250 951 medicae
1275 920 1393 951 auxilia
1415 920 1584 950 admittere
1607 925 1638 950 et

299 984 402 1016 sanari
422 982 446 1013 si
462 981 596 1013 unicum
613 984 668 1018 Sit,
689 978 737 1008 sin
756 982 863 1008 autem
880 975 953 1006 bina
973 974 1044 1006 talia
1061 975 1213 1015 existant,
1234 974 1425 1005 assentiente
1435 974 1637 1015 Bohnio(3),

301 1050 367 1070 non
387 1040 519 1080 possunt
538 1034 597 1064 nisi
617 1038 718 1063 morte
738 1031 871 1073 expiari.

344 1091 450 1133 Plagae
471 1099 543 1131 quae
564 1086 771 1129 diaphragma
792 1095 856 1115 non
875 1083 1056 1125 perforant,
1078 1081 1132 1113 sed
1148 1080 1371 1112 tantummodo
1393 1080 1639 1112 continuitatem

301 1145 455 1177 fibrarum
475 1141 544 1185 ejus
565 1139 797 1171 muscularium
818 1137 990 1168 destruunt
1010 1141 1042 1166 et
1062 1141 1184 1174 secant,
1209 1135 1391 1178 gravissima
1415 1145 1545 1177 quoque
1566 1140 1643 1165 sunt

302 1197 464 1236 habenda,
493 1192 755 1238 quandoquidem
781 1192 927 1234 protinus
948 1201 1104 1233 organum
1124 1189 1222 1229 illud,
1246 1188 1331 1232 quod
1352 1189 1579 1231 pronissimum
1606 1189 1640 1219 in

303 1250 554 1285 inflammatione
573 1253 636 1286 est,
662 1245 893 1288 suppuratione
914 1245 1086 1286 corripitur
1107 1249 1140 1274 et
1163 1242 1421 1286 Diaphragmatis
1437 1248 1516 1273 tunc
1537 1242 1643 1273 obori—

304 1313 372 1346 tur,
394 1315 465 1347 quae
487 1300 703 1345 periculosum
720 1299 784 1330 suis
804 1297 1068 1342 symptomatibus
1089 1296 1237 1328 morbum
1259 1296 1442 1327 constituit:
1463 1295 1544 1327 adde
1565 1307 1644 1327 con-

304 1361 434 1392 tinuum
450 1362 590 1395 motum,
608 1365 673 1397 quo
689 1353 845 1396 agitatur,
867 1353 961 1383 etiam
978 1350 1201 1383 cicatrisationi
1217 1349 1340 1382 obicem
1355 1360 1475 1393 ponere
1491 1355 1523 1381 et
1538 1350 1644 1393 impe-

305 1414 373 1446 dire
394 1411 566 1456 quominus
589 1408 708 1442 vulnus
728 1412 869 1438 sanetur.

350 1467 493 1499 Fortisan
509 1463 678 1509 objicietur
698 1462 857 1505 opinioni,
879 1472 952 1504 quae
973 1471 1082 1491 omnes
1102 1459 1183 1502 septi
1203 1457 1371 1491 transversi
1390 1457 1497 1500 plagas
1513 1457 1646 1489 lethales

309 1521 464 1560 declarat,
487 1529 576 1562 posse
596 1523 660 1548 tam
682 1517 837 1559 exiguum
862 1514 980 1547 vulnus
999 1514 1058 1556 ipsi
1078 1513 1179 1555 infligi
1199 1518 1251 1551 ut,
1279 1511 1425 1554 quamvis
1445 1511 1646 1554 perforatum

309 1577 350 1607 sit
367 1573 465 1613 illud,
486 1579 593 1603 tamen
609 1577 695 1602 trans
710 1569 779 1613 ejus
797 1574 981 1611 aperturam
996 1566 1085 1598 nulla
1101 1566 1250 1597 intestina
1266 1565 1300 1595 in
1315 1564 1493 1595 Thoracem
1509 1565 1647 1608 migrare

310 1628 445 1672 possint,
461 1632 494 1657 at
512 1626 676 1657 enimvero
693 1622 822 1667 jamjam
837 1621 1125 1653 demonstravimus
1142 1620 1297 1662 exiguum
1314 1618 1438 1650 hiatum
1453 1630 1542 1662 posse
1557 1625 1648 1650 tran-

310 1683 407 1713 situm
434 1679 592 1711 intestinis
622 1676 816 1715 concedere3
852 1677 875 1706 si
901 1680 1008 1706 tamen
1038 1673 1091 1705 hic
1118 1673 1197 1705 adeo
1223 1673 1360 1716 exiguus
1395 1678 1494 1712 esset,
1531 1679 1568 1704 ut
1592 1673 1647 1704 illa

313 1733 548 1777 transmigratio
572 1730 772 1774 impossibilis
800 1730 903 1768 foret,
929 1728 1034 1760 adhuc
1060 1727 1166 1759 omnia
1191 1731 1401 1770 symptomata
1428 1732 1647 1765 remanerent,

314 1800 386 1833 quae
409 1797 584 1820 nervorum
602 1785 780 1823 laesionem,
803 1794 875 1826 quae
896 1782 1196 1821 inflammationem,
1218 1786 1251 1812 et
1274 1791 1422 1813 vasorum
1447 1780 1650 1823 sanguifero-

314 1855 389 1876 rum
417 1842 590 1873 sectionem
615 1844 813 1882 sequuntur,
839 1843 872 1868 et
896 1842 1051 1880 praeterea
1075 1842 1113 1868 ut
1136 1834 1306 1878 Hoogvliet
1331 1840 1417 1866 recte
1439 1834 1560 1878 judicat
1581 1834 1650 1877 (4),

336 1911 1177 1925 ——————-—————

376 1957 421 1985 (1)
437 1954 556 1978 Videatur
574 1952 697 1981 Bobnins,
715 1952 732 1975 l.
751 1952 769 1974 1.
791 1951 848 1982 Pag.
865 1952 918 1981 275.

376 1996 421 2025 (2)
436 1994 526 2024 Percy,
547 1993 567 2015 l.
590 1992 610 2016 l.

379 2036 424 2064 (5)
440 2034 566 2061 Bohnius,
584 2032 604 2055 1.
626 2032 647 2054 1.
666 2039 723 2062 pag.
741 2031 796 2061 273.

378 2076 422 2106 (4)
438 2073 581 2105 Hoogvliet,
599 2072 729 2104 gerechtig.
750 2071 833 2095 heelk.
856 2069 917 2102 Pag.
938 2071 993 2100 273.
