1747 2620
710 275 720 317 (
746 275 786 309 57
812 275 823 316 >

100 353 212 385 tenuia
233 352 267 384 in
288 357 394 383 motus
415 350 625 394 spasmodicos
640 349 779 381 trahant.
804 349 961 388 Quamvis
981 360 1090 381 omnes
1111 349 1179 380 fere
1195 355 1339 381 auctores
1359 360 1438 381 con-

100 407 233 439 veniant
243 405 392 437 medullae
408 405 564 443 laesiones,
582 404 689 434 fractis
705 402 876 443 vertebris,
893 403 1065 446 productas
1080 404 1294 435 necessarium
1312 404 1437 435 lethum

101 471 291 504 provocare,
313 465 421 490 tamen
439 458 515 489 huic
538 457 657 500 regulae
678 469 743 489 suae
760 458 856 488 etiam
878 464 954 489 sunt
971 459 1175 501 exceptiones
1202 464 1235 489 et
1259 458 1344 489 inter
1365 458 1440 489 alias

103 514 204 546 refert
226 513 330 556 Boyer
350 513 397 555 (1)
420 523 486 543 sese
509 512 623 544 vidisse
644 518 792 543 curatum
816 512 998 551 hominem,
1025 513 1081 555 qui
1102 512 1283 544 vertebram
1306 512 1440 543 fractam

101 567 215 599 habuit
231 573 264 598 et
278 566 384 597 onmia
404 567 537 608 pessima
553 572 764 609 symptomata
779 572 931 609 expertus
946 566 1025 597 fuit:
1044 565 1155 598 tamen
1171 567 1224 599 vix
1242 566 1441 599 credendum

102 628 166 661 est,
193 621 279 664 quod
305 621 331 652 si
350 620 405 652 ille
432 621 591 652 sauciatus
615 622 781 663 ingentem
811 620 961 652 medullae
985 620 1145 652 laesionem
1175 632 1284 664 passus
1308 621 1440 661 fuisset,

102 677 209 719 ipsum
233 681 370 706 mortem
394 675 552 718 aufugere
573 676 733 718 potuisse,
765 676 850 705 inter
877 674 994 705 multas
1022 686 1140 717 nempe
1165 674 1399 707 observationes
1424 687 1441 706 a

101 730 260 773 Demussy
286 729 417 769 relatas,
448 731 500 762 vix
528 730 623 761 unica
644 735 691 760 est
714 740 785 771 quae
811 735 881 771 post
907 728 1041 760 fractam
1065 728 1245 761 vertebram
1270 729 1443 760 sanationis

101 790 299 827 recuperatae
321 783 505 826 exemplum
531 782 692 825 praebeat,
720 782 773 813 illa
800 782 922 813 scilicet
949 782 1026 821 viri,
1050 783 1108 825 qui
1131 788 1236 813 sterno
1265 782 1298 812 in
1327 793 1443 825 corpus

102 837 263 881 quoddam
283 838 477 880 impegerat,
498 843 530 868 et
544 837 597 867 cui
614 847 671 879 per
691 847 914 879 repercussum
932 836 1165 879 (contrecoup)
1186 836 1355 879 apophysis
1376 837 1444 879 spi—

102 903 178 923 nosa
201 893 303 923 tertiae
329 890 459 922 dorsalis
485 890 640 923 vertebrae
666 891 765 922 fracta
791 897 880 930 erat,
908 892 1068 922 sauciatus
1096 897 1166 934 post
1191 891 1346 934 quosdam
1376 891 1443 923 dies

102 946 230 977 sanitati
251 946 419 977 restitutus
437 951 501 985 est3
525 941 580 976 s‘ed
600 945 633 975 in
658 945 757 976 hacce
780 945 922 976 fractura
945 944 1034 976 nulla
1056 950 1267 988 symptomata
1292 944 1443 976 medullae

103 999 233 1043 spinalis
259 999 339 1031 laesae
360 1009 555 1042 apparuere,
576 998 665 1030 nulla
689 998 857 1042 paralysis,
880 998 968 1030 nulla
988 999 1230 1030 extremitatum
1253 999 1359 1030 motus
1378 998 1444 1029 dis-

103 1053 239 1097 paritio,
268 1059 301 1084 et
330 1053 378 1084 uti
404 1052 467 1096 jam
494 1052 657 1091 diximus,
690 1052 842 1083 fracturae
866 1051 1087 1083 vertebrarum
1115 1052 1314 1083 solummodo
1341 1052 1376 1083 in
1406 1063 1444 1084 eo

104 1106 239 1138 lethales
259 1112 350 1145 sunt,
372 1106 458 1148 quod
473 1105 648 1137 medullam
668 1105 795 1136 laedant.
814 1106 988 1136 Possumus
1005 1117 1041 1136 ex
1058 1106 1219 1148 praedictis
1235 1106 1442 1137 concludere:

104 1170 215 1192 omnes
237 1158 459 1190 vertebrarum
480 1158 654 1198 fracturas,
678 1169 750 1201 quae
774 1164 899 1201 partem
923 1160 1121 1202 superiorem
1145 1159 1304 1191 columnae
1335 1166 1444 1192 verte-

102 1213 213 1253 bralis,
239 1212 272 1244 id
290 1218 337 1243 est
355 1212 406 1245 vel
424 1211 630 1252 cervicalem,
651 1211 704 1244 vel
724 1211 879 1244 dorsalem
896 1213 1032 1256 hujusce
1050 1214 1214 1256 regionem
1234 1214 1394 1255 afliciunt,
1413 1221 1446 1247 et

100 1268 148 1299 sic
170 1266 472 1309 correspondentem
496 1265 648 1297 medullae
667 1266 849 1307 portionem
872 1266 1032 1306 lacerant,
1060 1273 1281 1308 commovent,
1303 1269 1445 1312 compri—

104 1327 216 1360 munt,
238 1320 290 1352 vel
311 1331 383 1363 quae
403 1320 499 1350 etiam
523 1320 687 1362 sanguinis
706 1320 739 1350 in
761 1319 863 1350 canali
884 1320 1037 1352 rachitico
1056 1322 1342 1355 extravasationem
1368 1335 1445 1366 pro-

104 1380 252 1414 movent,
275 1374 451 1405 necessario
472 1373 605 1404 lethales
628 1384 705 1405 esse.
732 1374 799 1405 Hac
819 1375 853 1405 in
874 1385 909 1406 re
930 1386 1040 1406 omnes
1058 1381 1204 1407 auctores
1222 1377 1442 1417 conveniunt,

104 1428 249 1460 Bohnius
272 1438 389 1470 nempe
410 1428 596 1470 profitetur:
628 1427 786 1459 fracturas
811 1429 909 1472 spinae
932 1430 957 1460 si
977 1430 1134 1462 nimirum
1157 1429 1235 1461 hinc
1263 1430 1444 1463 secedentia

106 1483 287 1526 fragmenta
308 1481 483 1513 medullam
505 1492 542 1512 eo
562 1492 665 1525 usque
686 1481 846 1522 subeunt⁷
865 1488 903 1514 ut
923 1484 1021 1514 eximi
1034 1490 1214 1527 nequeant,
1233 1484 1377 1528 adeoque
1393 1485 1445 1518 vel

106 1542 280 1579 pungunt,
309 1535 361 1568 vel
394 1536 614 1579 comprimunt
638 1536 833 1576 medullam,
859 1536 985 1569 lethum
1009 1537 1188 1581 producere
1212 1537 1271 1581 (2).
1306 1538 1445 1583 Jamjam

109 1590 291 1634 prognosim
311 1590 469 1633 Demussy
489 1590 684 1633 protulimus
705 1591 872 1635 (3).1pse
895 1591 994 1623 Orfila
1016 1592 1162 1624 eamdem
1187 1592 1378 1624 sententiam
1400 1592 1447 1635 (4)

107 1644 272 1687 sequitur3
304 1644 348 1674 ait
372 1649 404 1674 et
423 1649 577 1686 praeterea
602 1645 737 1678 Ollivier
755 1645 820 1689 (5):
852 1646 1036 1678 affectiones
1063 1658 1176 1687 omnes
1200 1647 1353 1679 medullae
1379 1647 1449 1679 fere

109 1708 234 1740 semper
261 1703 397 1729 mortem
417 1697 615 1740 producere,
647 1710 783 1743 eamque
814 1711 852 1731 eo
877 1700 971 1732 citius
997 1700 1165 1741 accedere,
1200 1712 1264 1744 quo
1289 1702 1389 1745 magis
1409 1701 1449 1733 ad

109 1750 244 1783 bulbum
259 1751 452 1783 rachiticum
469 1753 706 1797 appropinquet
728 1754 857 1787 vulnus.
879 1755 1075 1799 Aliquando,
1094 1755 1181 1799 quod
1199 1767 1310 1789 revera
1330 1757 1449 1788 mirum

113 1809 172 1844 est,
191 1811 261 1848 post
280 1805 447 1838 violentias
467 1806 627 1840 columnae
650 1808 822 1841 vertebrali
842 1809 944 1842 illatas
969 1811 1155 1843 moriuntur
1175 1810 1308 1842 sauciati
1328 1809 1447 1854 absque

114 1886 1122 1903 Ἥ

174 1935 218 1965 (ι)
233 1936 325 1964 Lecons
342 1939 371 1962 de
387 1939 496 1971 clinique
513 1948 545 1964 en
561 1942 628 1965 Mars
646 1943 713 1966 1810.

174 1976 219 2004 (α)
234 1975 356 2008 Bohnins,
373 1979 417 2002 lib.
435 1980 504 2004 laud.
526 1981 584 2012 Pag.
601 1982 730 2006 226-230.

174 2015 218 2044 (5)
235 2015 270 2038 De
285 2017 382 2048 Mussy,
400 2019 446 2043 lib.
468 2021 554 2051 laud„
570 2030 629 2054 pag.
648 2024 690 2046 25.

172 2056 217 2085 (4)
234 2057 358 2081 Me‘decine
375 2059 463 2091 legale,
481 2062 535 2086 vol.
555 2065 579 2086 I.
603 2063 641 2086 αὖε
656 2064 749 2095 partie,
768 2071 825 2095 pag·
848 2064 903 2094 639.

176 2096 221 2126 (5)
231 2097 351 2122 Maladies
368 2099 397 2124 de
416 2100 442 2125 la
457 2102 545 2127 mo‘e'lle
565 2103 689 2135 e'pinidre,
708 2108 770 2128 tom.
793 2105 816 2127 1.
839 2112 896 2136 pag.
917 2105 973 2128 223-
