1747 2620
752 283 864 329 (27)

141 353 358 393 constituitur,
379 353 439 385 nisi
457 354 542 397 quod
565 357 729 388 communi
749 358 869 390 civium
888 360 1045 394 voluntati
1066 372 1238 409 congruat}
1255 369 1286 400 in
1303 370 1363 402 hac
1379 372 1477 416 igitur

139 405 319 437 conditione
344 407 485 438 consistit
508 409 647 440 libertas
669 411 801 449 civilis,
831 415 1026 448 sanctissime
1050 420 1169 452 tuenda
1195 428 1227 453 et
1254 425 1477 468 custodienda,

139 471 234 502 quam
257 460 313 502 qui
335 461 446 501 violat,
468 473 543 494 eum
566 469 746 506 tyrannum
768 479 917 500 vocamus
939 477 971 502 et
993 472 1199 507 detestamur.

182 514 304 553 Quodsi
325 514 387 558 jam
412 516 451 555 ii,
474 516 508 547 in
529 529 608 560 quos
627 519 737 551 collata
760 527 806 552 est
831 533 979 566 suprema
1002 533 1153 569 potestas⁷
1179 531 1213 562 in
1238 544 1272 564 ea
1299 538 1476 570 exercenda

138 567 282 610 religiose
301 576 466 601 servarent
485 570 603 603 limites
617 572 702 613 illos,
721 574 760 605 ab
775 575 841 618 ipsa
861 583 974 610 natura
991 581 1126 613 civitatis
1140 587 1344 625 constitutos3
1361 590 1384 621 si
1401 603 1476 635 ergo

134 632 170 652 ea
191 627 316 653 tantum
332 631 499 664 curarent,
522 637 593 669 quae
609 627 647 658 ad
666 629 906 670 provehendam
922 634 1108 676 reipublicae
1125 639 1296 672 utilitatem
1313 650 1474 686 spectant,

133 681 165 706 et
187 677 220 706 in
245 676 293 707 his
315 677 411 709 rebus
436 680 637 712 moderandis
666 683 787 715 civium
817 691 888 717 vota
914 694 946 718 et
971 689 1120 734 suffragia
1153 701 1335 728 constanter
1358 710 1475 742 seque-

132 719 260 771 rentur;
284 733 354 774 quis
374 740 436 773 est,
462 735 500 765 A.
524 735 579 776 H.,
605 737 661 779 qui
682 748 747 768 non
764 739 891 780 videat,
915 741 1033 774 salvam
1058 745 1126 777 fore
1147 753 1179 777 et
1201 754 1303 781 tutam
1329 751 1474 785 subdito-

132 795 203 815 rum
230 784 427 826 libertatem,
453 788 616 832 nullisque
642 803 721 834 opus
746 804 812 825 esse
838 794 995 828 limitibus
1025 799 1109 838 aliis,
1142 802 1258 844 quibus
1282 805 1473 851 Principum

132 844 266 880 potestas
296 842 396 883 magis
426 842 521 873 etiarn
554 849 753 887 temperetur
784 853 817 879 et
851 851 1062 883 coerceatur?
1101 854 1212 893 Quum
1242 869 1316 890 vero
1346 861 1389 900 ii,
1416 864 1472 905 qui

130 892 332 934 publicarum
358 906 468 927 rerum
490 907 647 928 suminam
672 904 799 939 tenent,
828 901 977 934 humanis
1002 907 1161 939 erroribus
1187 916 1218 940 et
1243 913 1472 955 mipiditatibus

129 945 274 986 obnoxii,
292 958 474 990 supremam
492 956 679 991 potestatem
696 953 791 983 etiam
809 953 891 986 ultra
908 956 1067 998 legitimos
1085 962 1162 993 fines
1179 965 1340 1007 proferre,
1356 980 1472 1001 suum—

129 1009 193 1039 que
229 999 371 1041 ipsorum
402 1001 568 1034 arbitrium
603 1007 767 1037 communi
802 1008 922 1041 civium
957 1012 1116 1046 voluntati
1147 1017 1341 1052 substituere
1375 1023 1470 1056 facile

129 1057 286 1082 conentur
310 1058 342 1083 et
368 1054 558 1095 moliantur3
587 1067 622 1087 ea
651 1064 698 1088 est
722 1065 838 1091 aeterna
863 1062 914 1093 lex
942 1076 957 1094 a
983 1067 1106 1099 ratione
1134 1073 1334 1116 pr-aescripta,
1367 1083 1403 1108 ut
1429 1079 1469 1110 ad

126 1104 346 1146 impediendos
378 1109 496 1138 summi
525 1109 652 1152 imperii
682 1111 798 1145 abusus
830 1116 1007 1150 firmissima
1041 1125 1278 1158 constituantur
1314 1128 1469 1163 libertatis

125 1157 226 1189 civilis
246 1159 391 1201 praesidia
407 1167 439 1192 et
456 1164 545 1205 quasi
563 1166 774 1199 munimenta.
799 1169 880 1208 Quae
899 1173 1029 1215 quidem
1051 1181 1306 1218 praestantissima
1328 1184 1467 1226 publicae

124 1210 233 1242 salutis
254 1216 513 1257 propugnacula,
536 1217 576 1249 ad
597 1219 808 1263 frangendam
830 1224 1059 1268 imperantium
1079 1230 1244 1265 libidinem
1263 1235 1371 1269 divino
1387 1250 1467 1271 con-

121 1264 191 1295 silio
217 1272 376 1299 exstructa
402 1275 500 1312 atque
521 1271 667 1319 firmata,
689 1275 836 1318 inprimis
858 1281 1035 1314 consistunt
1056 1284 1088 1314 in
1111 1297 1164 1326 eo,
1188 1295 1224 1319 ut
1246 1291 1384 1333 populus
1407 1305 1466 1337 per

90 1354 94 1356 .
121 1317 281 1362 delegatos
292 1320 331 1352 ad
345 1322 525 1355 condendas
537 1324 623 1369 leges
637 1338 793 1361 consensu
807 1342 864 1363 suo
878 1339 910 1364 et
923 1338 1112 1370 auctoritate
1124 1350 1311 1385 concurrat3
1327 1346 1465 1391 ideoque

118 1372 205 1416 leges
230 1375 264 1405 in
289 1375 454 1418 republica
481 1378 553 1411 latae
581 1391 710 1422 revera,
738 1384 825 1426 quod
854 1388 934 1418 ratio
964 1389 1074 1432 jubet,
1106 1405 1310 1429 communem
1341 1401 1463 1434 civium

118 1426 317 1460 voluntatem
343 1429 507 1463 declarent
530 1439 627 1476 atque
650 1438 901 1472 conventionum
922 1442 1007 1475 inter
1029 1446 1113 1478 cives
1135 1448 1289 1483 initarum
1313 1461 1462 1489 naturam

119 1487 310 1522 sequantur,
337 1494 445 1527 neque
468 1486 608 1529 populus
631 1488 714 1530 aliis,
744 1502 841 1534 quam
862 1495 895 1525 in
918 1507 995 1539 quas
1014 1499 1081 1542 ipse
1106 1506 1316 1547 consenserit,
1345 1510 1461 1552 agendi

119 1534 238 1565 normis
260 1535 465 1579 subjiciatur:
489 1539 625 1581 deinde,
657 1548 695 1573 ut
721 1545 810 1576 nulla
837 1548 960 1581 civibus
985 1554 1148 1596 vectigalia
1172 1558 1232 1588 nisi
1258 1559 1329 1603 lege
1354 1562 1461 1606 impe-

118 1593 245 1629 rentur,
262 1595 299 1620 ut
313 1590 412 1633 igitur
425 1593 509 1625 cives
524 1595 584 1638 ipsi
595 1595 825 1640 determinent,
843 1610 995 1645 quantam
1013 1606 1173 1641 bonorum
1185 1622 1317 1645 suorum
1333 1622 1458 1658 partem

118 1640 218 1672 velint
243 1643 278 1673 in
303 1644 448 1686 publicos
474 1659 551 1679 usus
577 1650 744 1692 conferre,
774 1660 806 1685 et
833 1656 865 1686 in
894 1669 972 1700 quos
1000 1663 1139 1694 maxime
1169 1672 1295 1698 sumtus
1322 1672 1459 1712 pecunia

114 1693 242 1737 publica
261 1697 484 1740 impendatur:
507 1714 601 1744 porro
625 1711 750 1746 autem,
778 1715 812 1740 ut
833 1709 897 1752 juri
918 1711 1059 1746 dicundo
1080 1719 1211 1759 praesint
1231 1721 1348 1765 integri
1369 1726 1458 1768 peri-

115 1748 204 1791 tique
229 1752 447 1794 magistratUS,
478 1754 517 1786 ab
544 1757 650 1790 alieno
679 1760 810 1794 arbitrio
834 1776 900 1797 non
925 1769 1119 1812 pendentes,
1151 1785 1167 1804 a
1194 1775 1311 1817 quibus
1336 1779 1457 1812 civium

114 1800 212 1843 bona,
231 1803 374 1847 libertas,
389 1808 595 1853 existimatio,
611 1814 691 1855 vita,
707 1815 747 1847 ab
762 1818 910 1852 omnibus
924 1821 1061 1856 aliorum
1076 1826 1203 1870 injuriis
1219 1834 1287 1862 tuta
1306 1837 1455 1878 tectaque

113 1863 297 1889 serventur:
319 1859 460 1905 denique
475 1875 567 1905 vere,
587 1873 625 1898 ut
644 1868 755 1912 legum
775 1875 1053 1917 exsequendarum
1073 1886 1227 1923 potestas,
1249 1895 1266 1915 a
1287 1885 1454 1931 Principe,

112 1919 199 1941 sacro
224 1917 256 1942 et
280 1913 472 1958 inviolabili,
498 1918 711 1955 demandetur
735 1936 845 1958 rerum
869 1929 1074 1971 publicarum
1096 1934 1306 1979 administris,
1332 1942 1388 1983 qui
1414 1942 1453 1973 de

110 1969 196 2005 gesta
217 1965 489 2004 administratione
510 1973 653 2016 publicas
674 1979 812 2012 rationes
834 1982 968 2016 reddere
991 1986 1128 2020 debeant
1148 1992 1259 2034 populi
1280 1994 1449 2038 delegatiS,

109 2023 226 2061 atque,
256 2022 280 2052 si
309 2023 342 2054 in
373 2025 508 2059 civitatis
539 2032 716 2073 perniciem
746 2035 837 2069 abusi
866 2039 930 2070 sint
960 2039 1149 2075 demandata
1182 2045 1240 2077 sibi
1271 2054 1448 2092 potestate,

107 2070 250 2115 legitima
269 2076 364 2118 poena
385 2078 477 2112 adfici
499 2088 532 2113 et
552 2087 691 2119 coerceri
715 2091 845 2132 possint.
1069 2102 1071 2104 ’

1160 2154 1179 2173 4
