1747 2620
885 317 1000 360 (52)

271 403 437 435 personam
464 392 553 435 sequi
583 391 762 424 videantur.
793 389 864 421 Jam
891 402 966 422 vero
993 396 1051 421 art.
1073 391 1102 422 3.
1131 391 1166 422 C.
1187 391 1255 424 Civ.
1280 394 1406 433 statuit,
1433 393 1609 426 immobilia

272 447 368 477 etiam
393 446 431 477 ab
457 447 614 477 extraneis
640 456 775 489 possessa
797 445 867 487 lege
890 443 1018 486 Belgica
1041 445 1119 487 regi.
1150 445 1197 477 Ex
1221 456 1284 488 quo
1311 446 1407 478 etiam
1432 448 1610 479 necessario

272 501 455 540 conficitur,
479 512 514 531 ea
536 511 664 543 quoque
686 498 877 538 immobilia,
902 509 990 541 quae,
1017 498 1035 529 ἐι
1057 498 1162 543 Belgis
1182 511 1334 543 possessa,
1357 507 1529 534 extraneus
1551 502 1609 534 sibi

271 556 428 595 vindicat,
455 555 565 586 eadem
593 555 664 596 lege
693 554 760 596 regi
790 559 947 596 oportere.
984 552 1190 596 Quapropter
1220 561 1392 587 extraneus
1422 567 1487 587 non
1515 556 1609 588 modo

271 615 390 652 potest,
415 620 526 641 verum
553 609 647 639 etiam
672 614 800 639 tenetur
825 608 859 638 iu
881 607 992 650 Belgio
1013 609 1170 640 sustinere
1191 615 1247 640 aut
1268 610 1427 642 intentare
1451 612 1609 643 actionem

270 674 396 694 omnem
419 662 458 693 de
482 662 584 693 fundo
605 661 734 705 Belgico
757 661 962 701 movendam,
989 662 1055 693 sixe
1078 662 1145 693 haec
1169 665 1251 694 actio
1277 675 1352 696 vere
1377 665 1471 696 realis
1491 666 1546 704 sit,
1569 676 1608 696 ex

270 716 342 760 jure
363 717 397 747 in
411 727 446 747 re
461 722 551 754 nata,
570 716 636 747 sive
653 715 738 754 talis,
759 716 822 758 qua
842 717 968 747 nonnisi
987 716 1167 749 vindicatur
1186 719 1232 750 rei
1254 718 1425 751 immobilis
1440 721 1608 763 possessio,

270 771 416 814 quamvis
436 770 503 801 haec
524 770 591 813 ipsa
614 781 662 801 res
685 771 783 801 actori
805 770 943 813 obligata
962 782 1025 801 non
1047 772 1096 801 sit.

314 878 471 909 XXXVI.
510 878 558 909 De
578 877 797 921 jurisdictione
820 879 977 921 personali
999 890 1048 910 res
1071 879 1167 922 paulo
1189 885 1236 910 est
1253 880 1441 912 intricatior.
1469 881 1518 913 Ad
1539 892 1609 913 eam

269 933 409 974 pertinet
433 931 623 962 exercitium
650 932 793 962 omnium
820 932 985 963 actionum
1016 933 1251 974 personalium,
1283 934 1349 965 sive
1377 945 1416 964 ex
1443 941 1610 967 contractu

269 991 325 1016 aut
352 985 441 1027 quasi
466 996 505 1015 ex
531 991 713 1024 contractu,
740 985 806 1016 sive
827 996 866 1016 ex
890 985 1007 1016 delicto
1030 991 1086 1016 aut
1106 987 1195 1028 quasi
1217 998 1256 1017 ex
1279 987 1396 1018 delicto
1418 988 1610 1027 orientium,

269 1038 385 1081 quibus
406 1049 573 1081 personam
594 1039 684 1069 nobis
705 1038 876 1081 obligatam
899 1049 964 1069 esse
985 1038 1226 1078 contendimus,
1248 1039 1429 1081 quinimmo
1449 1040 1536 1070 illius
1557 1051 1611 1070 re—

270 1093 358 1135 gulas
380 1104 508 1136 quoque
529 1099 711 1136 sequuntur
732 1094 871 1124 actiones
891 1093 991 1124 reales
1010 1094 1094 1124 circa
1117 1091 1244 1123 mobilia
1267 1097 1444 1132 versantes,
1458 1092 1610 1135 quoniam

269 1147 337 1178 liaec
361 1158 526 1189 personam
554 1158 590 1178 ea
615 1147 830 1190 possidentem
861 1148 952 1191 sequi
981 1153 1170 1187 censentur,
1203 1146 1474 1190 quemadmodum
1501 1157 1612 1177 rursus

270 1201 309 1232 ab
329 1201 415 1233 illius
436 1201 661 1245 jurisdictionis
681 1202 793 1234 norma
814 1208 950 1234 exemtae
971 1208 1047 1234 sunt
1067 1200 1248 1244 personales
1267 1201 1302 1232 in
1321 1211 1390 1232 rem
1412 1198 1611 1231 immobilem

269 1256 423 1294 actiones,
447 1262 483 1287 ut
503 1258 608 1287 statim
630 1267 766 1288 numero
788 1256 924 1299 praeced.
948 1257 1144 1288 monuimus.

314 1309 426 1348 Quum
447 1315 554 1341 autem
575 1309 752 1353 jurisdictio
771 1310 824 1341 illa
841 1310 1015 1354 personalis
1032 1316 1165 1341 eatenus
1182 1315 1309 1341 tantum
1325 1309 1364 1340 ad
1381 1313 1611 1352 argumentum

268 1369 412 1394 nostrum
429 1364 604 1406 pertineat,
622 1370 782 1407 quatenus
796 1364 835 1396 ab
850 1371 1003 1396 extraneo
1016 1365 1157 1397 invocari
1176 1365 1210 1396 in
1227 1364 1338 1408 Belgio
1355 1365 1464 1407 possit,
1481 1364 1613 1395 omnino

268 1418 393 1448 missam
415 1418 520 1450 facere
546 1430 669 1461 possem
691 1419 899 1462 quaestionem
920 1419 960 1450 de
981 1419 1068 1451 illius
1088 1419 1241 1451 exercitio
1262 1418 1280 1449 a
1301 1418 1400 1460 Belga
1423 1423 1529 1448 actore
1553 1415 1610 1447 ad—

268 1481 377 1503 versus
398 1473 605 1515 peregrinum
629 1484 721 1504 reum
746 1472 943 1513 adhibendo3
967 1484 1079 1504 verum
1103 1474 1254 1516 quoniam
1276 1472 1316 1503 ad
1337 1483 1408 1503 eam
1435 1470 1610 1514 peculiaria

269 1525 416 1567 quaedam
442 1526 520 1569 juris
546 1529 644 1559 nostri
670 1533 786 1559 statuta
812 1527 963 1560 adversus
988 1529 1173 1571 peregrinos
1195 1526 1401 1565 referuntur,
1425 1524 1610 1568 paullulum

269 1580 299 1610 ei
324 1580 576 1612 immorabimur.

313 1687 484 1719 XXXVII.
524 1689 684 1721 Videlicet
703 1700 743 1721 ex
762 1688 841 1733 juris
862 1690 1009 1733 gentium
1031 1689 1220 1722 universalis
1242 1688 1419 1732 principio,
1437 1687 1610 1718 sententias

269 1741 303 1772 in
319 1741 426 1784 aliquo
447 1744 604 1775 territorio
624 1744 702 1775 latas
718 1749 807 1775 extra
829 1744 910 1776 illud
927 1756 991 1775 non
1009 1743 1132 1784 valere,
1155 1744 1221 1775 sive
1236 1748 1325 1774 extra
1344 1741 1543 1773 territorium
1559 1739 1611 1784 jus

271 1794 388 1826 dicenti
408 1797 540 1839 impune
560 1809 624 1829 non
646 1798 750 1841 pareri
772 1798 830 1840 (L.
851 1797 911 1829 ult.
934 1797 1031 1841 pand.
1048 1797 1088 1829 de
1106 1796 1217 1841 jurisd.
1235 1814 1278 1821 -—-
1298 1796 1446 1827 Ordorm.
1459 1795 1498 1825 de
1510 1794 1607 1826 1629.

270 1855 333 1880 art.
347 1851 419 1881 121.
435 1868 478 1875 —-—
490 1853 578 1883 Art.
591 1853 676 1883 2123
693 1851 727 1882 C.
744 1851 814 1883 Ciu.
826 1870 869 1875 -—
880 1853 1014 1883 Arrete'
1024 1852 1069 1882 cla
1079 1852 1100 1884 9
1112 1851 1298 1882 Novembre
1311 1851 1427 1893 1814.)
1442 1850 1612 1882 necessitas

270 1903 444 1945 profluxit,
474 1905 705 1948 imperantibus
731 1905 922 1937 incumbens
934 1930 942 1945 ,
968 1905 1103 1937 subditis
1131 1906 1195 1937 suis
1225 1906 1259 1936 in
1287 1905 1417 1948 proprio
1449 1905 1611 1936 territorio

271 1956 464 2000 judiciorum
480 1959 613 1991 tutelam
630 1960 781 1991 adversus
794 1966 960 1991 extraneos
976 1959 1033 1991 sibi
1050 1959 1202 2002 obligatos
1219 1958 1399 2002 praestandi.
1419 1958 1501 1989 Hinc
1512 1958 1609 1989 etiam

272 2016 340 2042 orta
360 2017 407 2042 est
426 2010 547 2043 Codicis
568 2014 664 2045 nostri
687 2013 755 2047 Civ.
778 2020 836 2046 art.
861 2015 902 2055 14
924 2014 1101 2058 dispositio,
1124 2013 1187 2057 qua
1208 2013 1360 2045 statuitur
1380 2012 1529 2056 Belgam,
1552 2013 1609 2055 qui

273 2066 438 2097 contendit
460 2066 519 2097 sibi
541 2067 755 2100 adversarium
781 2076 969 2102 extraneum
992 2068 1113 2113 aliquid
1138 2068 1213 2099 dare
1237 2073 1293 2099 aut
1315 2067 1422 2099 facere
1442 2071 1606 2109 oportere,

272 2122 338 2154 sive
356 2120 504 2164 obligatio
522 2121 556 2153 in
570 2121 698 2165 Belgio,
714 2123 779 2156 sive
794 2124 828 2155 in
844 2124 1002 2156 territorio
1023 2123 1127 2155 alieno
1143 2127 1303 2154 contracta
1319 2122 1374 2162 sit,
1393 2121 1482 2152 hunc
1499 2131 1606 2151 coram
