1747 2620
707 275 719 319 (
744 278 761 310 7
786 275 797 318 )

90 361 123 388 et
146 355 328 399 ligamentis
350 350 637 396 longitudinalibus
659 349 787 394 posticis
808 348 956 392 ponitur,
982 354 1176 392 postrorsum
1204 360 1281 381 vero
1302 349 1429 382 laminis

89 410 328 449 vertebrarum,
356 407 602 452 ligamentisque
628 403 778 437 subflavis
800 402 986 447 respondet:
1009 403 1107 435 facies
1127 402 1197 447 ejus
1223 404 1362 435 anterior
1391 405 1425 436 in

88 470 180 508 parte
207 462 354 494 mediana
378 468 425 494 est
452 460 538 492 linea
573 459 800 503 longitudinali
822 459 976 502 insignis;
1009 458 1106 490 facies
1135 458 1246 490 itidem
1272 459 1427 501 posterior

88 517 174 549 linea
201 515 344 549 verticali
365 514 596 558 distinguitur3
627 514 726 545 latera
755 512 903 545 medullae
928 513 1085 556 originem
1111 513 1217 545 nervis
1239 511 1429 544 vertebrali-

88 571 149 604 bus
174 570 394 614 suppeditant.

133 624 233 656 Costae
254 629 320 655 tam
344 633 428 655 verae
450 633 547 665 quam
567 621 686 665 spuriae
706 627 783 653 sunt
805 620 975 652 duodecim
995 632 1035 652 ex
1059 626 1198 664 utroque
1219 619 1335 660 latere,
1362 631 1428 652 ossa

89 684 240 710 caeterum
268 682 344 709 sunt
372 676 466 719 longa
490 675 660 719 applauata
682 680 715 706 et
742 674 833 719 juxta
857 674 1094 717 longitudinem
1121 685 1212 706 suam
1237 675 1428 715 incurvata3

87 733 123 764 in
149 732 353 764 extremitate
378 730 436 762 sua
459 729 630 762 vertebrali
654 734 753 772 caput
772 734 805 759 et
828 727 948 759 collum
970 727 1104 759 habent:
1128 728 1240 771 capitis
1260 739 1320 770 ope
1345 728 1430 770 parti

87 786 211 818 laterali
235 796 405 828 corporum
426 782 649 816 vertebrarum
677 782 721 814 ita
745 782 877 826 quidem
901 782 1110 823 inseruntur,
1141 788 1179 814 ut
1199 782 1297 826 ipsius
1319 782 1430 825 capitis

88 839 219 872 dimidia
243 850 314 882 pars
330 838 454 881 corpori
469 836 625 870 vertebrae
640 837 752 877 unius,
769 837 868 869 altera
883 847 959 869 vero
977 848 1049 880 pars
1067 836 1223 869 vertebrae
1244 837 1429 879 insequenti

87 893 270 933 incumbat3
295 904 354 936 per
373 891 492 924 collum
516 902 613 923 suum
635 897 856 923 annectuntur
875 890 1092 934 apophysibus
1114 891 1299 931 transversis
1324 896 1432 922 verte-

87 946 219 978 brarum
242 946 429 977 dorsalium:
452 946 496 976 sic
517 944 622 987 ligatae
643 955 683 975 ex
706 950 846 988 utroque
864 944 964 976 latere
981 956 1116 977 arcuum
1137 945 1172 976 in
1190 944 1320 976 modum
1338 950 1430 976 ante-

88 1001 172 1039 riora
200 1011 311 1032 versus
341 1000 574 1037 incurvantur,
608 998 708 1041 spatia
742 997 957 1029 intercostalia
986 998 1072 1029 inter
1102 1009 1169 1029 sese
1193 997 1431 1040 relinquenteS,

87 1054 239 1086 Thoracis
260 1053 330 1086 cavi
354 1052 484 1097 jamjam
504 1052 603 1083 latera
629 1051 843 1083 constituunt.

134 1108 234 1139 Costae
259 1118 317 1150 per
342 1106 579 1138 extremitatem
606 1116 697 1136 suam
723 1103 896 1135 sternalem
926 1115 1002 1136 cum
1029 1115 1096 1135 osse
1126 1109 1233 1135 sterno
1270 1103 1433 1135 cohaerent

89 1172 149 1204 ope
170 1159 494 1202 fibro-cartilaginum
516 1158 701 1198 costalium,
719 1168 791 1200 quae
810 1157 1007 1201 applanatae,
1029 1168 1070 1189 ex
1086 1156 1152 1189 una
1167 1162 1258 1200 parte
1277 1158 1433 1188 extremi-

88 1215 146 1246 tati
170 1213 299 1245 sternali
328 1219 506 1253 costarum,
533 1223 573 1244 ex
594 1211 693 1244 altera
718 1223 794 1245 vero
814 1211 967 1244 lateribus
987 1212 1087 1255 ipsius
1110 1211 1185 1242 ossis
1205 1211 1305 1242 sterni
1326 1211 1432 1254 appli-

89 1274 204 1300 cantur
229 1274 262 1300 et
286 1267 471 1311 alligantur.

131 1322 284 1353 Sternum
307 1333 341 1352 os
366 1326 414 1352 est
433 1320 585 1364 planum,
613 1319 766 1352 Thoracis
794 1319 920 1363 partem
948 1319 1142 1351 anteriorem
1170 1330 1331 1362 occupans
1357 1324 1390 1350 et
1413 1330 1431 1350 a

86 1375 191 1419 prima
212 1386 316 1419 usque
343 1374 385 1406 ad
408 1381 530 1407 sextam
555 1375 765 1418 septimamve
786 1380 905 1406 costam
930 1380 1117 1414 extensun13
1145 1373 1282 1416 pectoris
1313 1384 1431 1415 organa

87 1429 174 1462 varia
200 1428 296 1472 clipei
325 1428 364 1460 ad
390 1428 490 1460 instar
515 1434 646 1470 tuetur,
675 1440 748 1473 pars
772 1429 920 1473 superior
946 1434 1105 1472 punctum
1132 1428 1231 1459 fixum
1266 1426 1432 1459 claviculae

87 1482 334 1526 insertionisqne
358 1481 463 1513 media
487 1481 630 1524 praebet,
660 1483 845 1515 extremitas
875 1494 951 1515 vero
975 1482 1062 1514 illius
1090 1481 1224 1513 inferior
1253 1480 1432 1524 appendice

87 1535 270 1578 xyphoidea
295 1536 489 1567 terminatur
498 1547 511 1576 3·
535 1536 646 1579 sicque
669 1537 775 1568 omnia
799 1537 857 1568 ista
884 1548 948 1568 ossa
963 1561 972 1577 ,
1009 1536 1105 1579 ligata
1135 1541 1232 1578 atque
1258 1533 1430 1578 conjuncta

89 1600 204 1621 cavum
229 1589 386 1629 formant⁷
412 1590 482 1621 coni
505 1591 645 1622 truncati
666 1591 878 1634 irregularem
901 1591 1037 1634 figuram
1064 1601 1130 1632 prae
1150 1600 1183 1619 se
1208 1588 1325 1619 ferens.
1358 1588 1433 1619 Haec

89 1642 219 1686 quidem
236 1643 378 1686 partium
392 1643 562 1687 descriptio
578 1656 784 1688 nequaquam
801 1651 909 1676 nostro
925 1644 1087 1687 proposito
1103 1642 1234 1682 sufficit,
1253 1641 1308 1673 sed
1327 1641 1431 1685 (quod

88 1697 229 1727 maxime
250 1695 357 1727 nostra
378 1696 534 1738 interest)
563 1697 718 1730 debemus
740 1699 843 1730 varias
863 1697 981 1730 harum
1005 1697 1146 1740 partium
1174 1696 1306 1728 vicinias
1334 1701 1432 1738 atque

91 1750 228 1781 rationes
253 1760 426 1793 exponere.
452 1749 487 1781 Si
508 1760 598 1781 nunc
622 1761 660 1782 eo
686 1750 781 1782 modo
804 1762 822 1782 a
845 1757 941 1794 parte
963 1750 1116 1782 Thoracis
1135 1749 1268 1781 externa
1292 1749 1431 1792 incipia-

92 1812 181 1842 muS,
196 1804 376 1847 reperimus
392 1809 515 1847 partem
534 1803 741 1847 posteriorem
758 1804 917 1836 columnae
933 1803 1120 1838 vertebralis
1136 1809 1234 1846 atque
1253 1808 1430 1843 costarum,

92 1855 246 1887 musculis
278 1857 416 1900 regionis
441 1857 593 1899 dorsalis,
623 1864 748 1902 partem
778 1865 937 1891 costarum
965 1858 1158 1890 anteriorem
1188 1862 1286 1899 atque
1313 1856 1430 1888 faciem

92 1909 191 1940 sterni
220 1910 411 1942 anteriorem
444 1912 604 1944 musculis
622 1912 857 1956 pectoralibus,
888 1912 1026 1944 dentatis
1055 1909 1247 1954 majoribus,
1276 1916 1337 1941 etc.
1366 1910 1431 1942 cir-

91 1962 253 2003 cumdari‚
279 1963 336 2005 qui
361 1975 477 1997 omnes
494 1965 562 1997 fere
585 1967 727 1999 musculi
751 1966 954 2010 respirationi
974 1965 1165 1997 inserviunt.
1199 1964 1329 1995 Interna
1355 1975 1429 1997 vero

90 2016 161 2049 cavi
181 2016 334 2047 Thoracis
351 2028 425 2060 pars
442 2018 486 2050 sic
507 2030 547 2050 ex
565 2019 676 2052 ordine
694 2031 729 2051 se
744 2019 859 2060 habet,
883 2018 1042 2050 columnae
1064 2017 1250 2050 vertebralis
1275 2030 1347 2061 pars
1370 2029 1431 2048 an-

90 2070 205 2112 terior,
225 2071 394 2114 posteriori
417 2071 453 2103 in
471 2072 660 2106 mediastino
684 2075 763 2116 sita,
790 2074 826 2106 in
850 2074 973 2106 ratione
995 2073 1127 2117 ponitur
1155 2084 1231 2105 cum
1258 2072 1429 2116 oesophago
