1747 2620
694 255 807 297 (39)

87 329 193 360 diatur
214 330 291 361 dum
313 330 367 361 ille
387 329 518 360 deficit?
533 329 635 371 Negat
651 328 683 359 id
700 329 850 359 Bais-son
860 327 908 370 (1)
923 329 998 371 quia
1018 329 1052 359 in
1073 328 1279 361 cadaveribus
1300 331 1412 373 pleura

87 384 215 414 costalis‘
235 396 307 415 cum
333 384 445 427 pleura
470 383 650 426 pulmonari
675 382 837 413 cohaerens
860 383 925 414 visa
946 382 1030 421 fuit,
1059 384 1139 425 quin
1162 394 1202 414 ex
1226 395 1263 414 eo
1286 385 1413 417 diflicile

86 438 324 480 respiravissent
336 438 410 479 aegri
426 443 499 468 ante
517 436 663 468 morbum
679 442 711 467 et
726 437 759 467 in
775 437 873 479 ipsius
884 436 1038 476 decursu3
1055 437 1236 480 exindeque
1251 438 1414 470 concludit

86 490 170 520 hanc
185 490 356 521 utilitatem
374 490 463 521 fluidi
482 490 572 521 istius
584 490 713 521 omnino
728 501 793 520 non
807 501 976 532 apparereg
992 490 1046 521 sed
1057 501 1159 532 quum
1173 502 1229 521 nos
1245 491 1349 534 fugiat
1359 492 1413 523 illa

86 542 222 583 utilitas,
248 554 457 584 possumusne
480 543 519 574 ad
541 544 627 575 illius
648 543 856 575 inutilitatem
877 544 1091 575 concludere?
1112 545 1244 576 Minime
1263 552 1364 586 certe,
1388 548 1413 578 si

85 596 207 628 nullius
224 603 304 628 esset
318 597 463 629 utilitatis
479 598 512 628 in
526 597 699 629 oeconomia
717 609 781 629 non
794 598 1011 638 inveniretur3
1030 604 1061 629 et
1075 599 1100 629 si
1119 598 1282 639 deficeret,
1303 600 1413 643 pulmo

85 655 216 691 propter
246 656 471 692 temperaturae
496 658 706 694 augmentum
735 651 906 690 Thoracis,
942 658 1072 694 propter
1099 654 1290 684 continuum
1318 666 1414 686 suum

85 708 228 742 motum,
253 703 406 734 facillima
431 704 829 735 fortasseinflammatione
851 705 1075 746 corriperetur.
1102 706 1209 744 Quam
1230 713 1267 738 ut
1288 714 1415 739 averte-

84 761 149 795 ret,
172 755 310 787 fluidum
335 767 476 788 serosum
501 768 646 788 summus
671 768 780 788 rerum
805 759 949 789 omnium
975 758 1104 790 Creator
1126 759 1337 802 interposuit,
1365 763 1414 792 uti

82 809 168 840 inter
186 812 292 841 ae'rem
310 816 343 841 et
362 816 486 853 partem
509 810 600 841 bulbi
622 811 759 843 ocularis
778 817 943 843 externam
967 812 1122 855 lacrymas
1140 812 1317 856 interjecit,
1339 826 1412 857 quae

83 862 367 895 inflammationem
400 864 660 895 infaustissimam
690 871 917 907 praecaverent.
957 865 1115 897 Praeterea
1150 878 1259 898 omnes
1291 874 1414 900 caeterae

82 915 276 948 membranae
299 928 410 948 serosae
431 917 509 948 huic
531 928 624 959 scopo
644 918 840 956 inserviunt,
863 929 963 961 quare
987 919 1020 949 id
1044 930 1134 951 secus
1151 931 1184 951 se
1206 932 1280 951 cum
1299 921 1413 964 pleura

83 968 239 1001 haberet?
265 971 414 1012 Denique
434 970 601 1001 Biclzatzcs
627 971 693 1012 ipse
708 970 755 1012 (2)
780 970 873 1001 dicit:
897 971 930 1001 in
951 971 1053 1013 prima
1072 971 1329 1005 inflammationis
1353 985 1413 1017 pe—

82 1021 188 1062 riodo,
215 1034 319 1065 quum
343 1034 414 1054 vasa
435 1022 617 1054 exhalantia
640 1023 899 1054 membranarum
924 1035 1100 1057 serosarum
1124 1026 1217 1068 plena
1240 1034 1316 1058 sunt
1339 1039 1413 1060 san-

82 1075 196 1117 guine,
221 1076 459 1107 accidentaliter
479 1077 513 1106 in
533 1076 595 1106 illis
618 1075 819 1116 introducto,
846 1079 988 1108 serositas
1013 1090 1079 1110 non
1099 1080 1237 1121 amplius
1257 1081 1291 1111 in
1311 1081 1412 1113 libera

81 1128 214 1159 istarum
240 1129 409 1170 superficie
432 1129 621 1169 exhalatur,
651 1135 684 1160 et
708 1140 810 1172 quum
835 1135 914 1160 tunc
935 1142 1046 1162 serosae
1067 1132 1262 1165 membranae
1284 1145 1324 1165 ex
1348 1135 1413 1166 nna

81 1186 172 1223 parte
197 1181 369 1213 admodum
391 1181 519 1219 sensiles
544 1182 623 1220 sint,
655 1192 695 1212 ex
715 1181 813 1213 altera
836 1193 911 1214 vero
932 1183 1124 1225 siccissimae,
1147 1192 1250 1218 motus
1276 1199 1412 1230 organo-

81 1245 154 1264 rum
179 1245 251 1276 quae
282 1234 484 1266 circumdant
512 1234 685 1267 admodum
710 1235 863 1266 dolorifici
889 1243 974 1267 sunt.
1008 1238 1044 1268 In
1070 1239 1130 1269 11ἑο
1150 1241 1253 1282 prima
1280 1242 1410 1283 periodo

80 1286 219 1318 adhaesio
238 1288 445 1330 supervenit,
467 1299 538 1330 quae
561 1289 586 1318 si
605 1287 692 1318 adest
715 1299 780 1319 non
802 1288 882 1319 adeo
897 1289 1067 1332 probatum
1082 1292 1162 1323 mihi
1184 1293 1311 1327 videtur
1332 1300 1411 1327 tunc

79 1352 146 1372 non
173 1341 310 1384 amplius
332 1343 527 1373 serositatem
549 1343 683 1373 secerni.

123 1394 310 1426 Mediastina
332 1397 471 1438 spatium
492 1395 761 1427 circumscribunt
783 1407 847 1438 quo
875 1408 946 1437 cor,
974 1398 1092 1442 majora
1113 1412 1201 1441 vasa,
1230 1408 1410 1446 caeteraque

79 1458 197 1490 organa
216 1447 440 1480 includuntur.
467 1448 612 1492 Spatium
632 1448 714 1479 illud
735 1450 880 1492 quamvis
901 1452 1005 1493 primo
1027 1460 1188 1486 momento
1217 1455 1334 1487 mobile
1360 1457 1412 1488 vi—

81 1499 213 1540 deatur,
249 1506 357 1533 tamen
381 1512 493 1534 revera
518 1501 740 1534 immobilitate
764 1503 827 1534 fixa
857 1505 994 1546 gaudet,
1025 1508 1074 1538 uti
1097 1507 1161 1551 jam
1187 1508 1325 1540 diximus
1350 1508 1408 1551 (3).

79 1552 304 1586 Mediastinum
333 1566 408 1597 erga
439 1555 609 1598 pulmones
641 1556 737 1587 simili
770 1557 937 1590 functione
968 1559 1118 1603 fungitur
1151 1573 1187 1592 ac
1221 1561 1288 1593 falx
1321 1562 1410 1593 durae

78 1606 189 1636 matris
210 1617 284 1650 erga
303 1607 535 1650 haemisphaeria
556 1609 695 1650 cerebri3
718 1610 792 1644 bina
812 1623 928 1654 organa
953 1614 1153 1656 respiratoria
1174 1627 1191 1646 a
1214 1626 1246 1646 se
1268 1616 1407 1648 invicem

80 1666 220 1703 separat,
235 1666 268 1691 et
282 1661 417 1703 impedit
432 1663 609 1704 quominus
618 1675 703 1695 unus
717 1664 828 1706 pulmo
843 1665 935 1698 alteri
949 1667 1131 1707 incumbat,
1152 1669 1187 1699 in
1202 1668 1408 1701 recubatione

80 1711 221 1754 laterali3
242 1714 389 1757 illudque
410 1726 449 1746 eo
468 1715 594 1748 facilius
613 1724 717 1760 posset
738 1720 883 1759 evenire,
902 1721 988 1763 quod
1007 1721 1117 1753 nullus
1132 1733 1235 1754 nexus
1254 1723 1408 1754 naturalis

82 1772 195 1806 praeter
215 1779 309 1807 vasa,
339 1780 411 1811 quae
439 1775 562 1801 motum
585 1770 678 1803 illum
700 1783 766 1804 non
791 1773 947 1816 impedire
971 1775 1133 1815 valerent,
1160 1776 1330 1818 pulmones
1350 1789 1407 1808 suo

82 1817 146 1868 situ
165 1820 313 1852 retineat.
338 1821 398 1853 Hic
414 1828 526 1854 notare
545 1824 676 1856 omnino
693 1825 846 1859 debemus
870 1833 996 1859 textu-m
1018 1829 1205 1860 cellulosum
1229 1830 1408 1862 mediastini

82 1876 188 1912 partes
210 1883 325 1905 vacuas
352 1876 507 1919 implere3
537 1889 663 1910 sursum
687 1891 762 1913 cum
787 1881 850 1913 tela
876 1881 1025 1913 celluloss
1057 1882 1151 1922 colli,
1179 1883 1306 1915 inferne
1332 1893 1407 1916 cum

82 1923 206 1956 cellulis
234 1925 484 1963 abdominalibus
508 1933 744 1979 communicat3
770 1934 904 1977 haecque
928 1933 991 1965 tela
1015 1934 1186 1976 cellulesa,
1216 1942 1254 1969 ut
1279 1938 1406 1969 Biclzat

80 1998 1403 2021 Ἣ

141 2035 185 2063 (1)
201 2035 302 2065 nichea,
324 2038 447 2061 anatomie
461 2039 618 2072 descriptiva,
640 2047 702 2067 tom.
723 2044 772 2068 1V.
791 2051 849 2075 pag.
869 2045 914 2067 58.

137 2074 181 2104 (a)
198 2074 283 2104 Idem,
303 2079 364 2100 tom.
384 2077 432 2101 IV.
452 2085 511 2110 page
527 2080 584 2104 511.
986 2086 1028 2116 (3)
1045 2085 1104 2118 Pag-
1124 2087 1167 2110 53.
