<?xml version="1.0" encoding="UTF-8"?>
<!DOCTYPE html PUBLIC "-//W3C//DTD XHTML 1.0 Transitional//EN"
    "http://www.w3.org/TR/xhtml1/DTD/xhtml1-transitional.dtd">
<html xmlns="http://www.w3.org/1999/xhtml" xml:lang="en" lang="en">
 <head>
  <title>
</title>
<meta http-equiv="Content-Type" content="text/html;charset=utf-8" />
  <meta name='ocr-system' content='tesseract 3.04.00' />
  <meta name='ocr-capabilities' content='ocr_page ocr_carea ocr_par ocr_line ocrx_word'/>
</head>
<body>
  <div class='ocr_page' id='page_1' title='image "annalesacademiae00acad_0365.png"; bbox 0 0 1747 2620; ppageno 0'>
   <div class='ocr_carea' id='block_1_1' title="bbox 706 258 822 301">
    <p class='ocr_par' dir='ltr' id='par_1_1' title="bbox 706 258 822 301">
     <span class='ocr_line' id='line_1_1' title="bbox 706 258 822 301; baseline 0 0"><span class='ocrx_word' id='word_1_1' title='bbox 706 258 822 301; x_wconf 83' lang='lat'>(33)</span> 
     </span>
    </p>
   </div>
   <div class='ocr_carea' id='block_1_2' title="bbox 99 331 1439 809">
    <p class='ocr_par' dir='ltr' id='par_1_2' title="bbox 99 331 1439 699">
     <span class='ocr_line' id='line_1_2' title="bbox 146 331 1434 378; baseline -0.002 -9"><span class='ocrx_word' id='word_1_2' title='bbox 146 337 307 369; x_wconf 80' lang='lat' dir='ltr'>Ponamus</span> <span class='ocrx_word' id='word_1_3' title='bbox 325 335 359 366; x_wconf 91' lang='lat' dir='ltr'>in</span> <span class='ocrx_word' id='word_1_4' title='bbox 380 333 594 378; x_wconf 75' lang='lat' dir='ltr'>quadrilatera</span> <span class='ocrx_word' id='word_1_5' title='bbox 609 331 735 372; x_wconf 83' lang='lat' dir='ltr'>ABCR‚</span> <span class='ocrx_word' id='word_1_6' title='bbox 756 338 915 375; x_wconf 84' lang='lat' dir='ltr'>punctum</span> <span class='ocrx_word' id='word_1_7' title='bbox 937 332 963 363; x_wconf 91' lang='lat' dir='ltr'>B</span> <span class='ocrx_word' id='word_1_8' title='bbox 983 332 1160 365; x_wconf 87' lang='lat' dir='ltr'>secundum</span> <span class='ocrx_word' id='word_1_9' title='bbox 1184 333 1376 367; x_wconf 76' lang='lat' dir='ltr'><strong>diametrum</strong></span> <span class='ocrx_word' id='word_1_10' title='bbox 1403 341 1434 367; x_wconf 90' lang='lat' dir='ltr'>et</span> 
     </span>
     <span class='ocr_line' id='line_1_3' title="bbox 99 385 1434 433; baseline -0.001 -11"><span class='ocrx_word' id='word_1_11' title='bbox 99 391 140 422; x_wconf 82' lang='lat' dir='ltr'>ad</span> <span class='ocrx_word' id='word_1_12' title='bbox 157 402 287 422; x_wconf 83' lang='lat' dir='ltr'>curvam</span> <span class='ocrx_word' id='word_1_13' title='bbox 305 388 470 433; x_wconf 82' lang='lat' dir='ltr'>progredi3</span> <span class='ocrx_word' id='word_1_14' title='bbox 492 392 610 430; x_wconf 88' lang='lat' dir='ltr'>puncta</span> <span class='ocrx_word' id='word_1_15' title='bbox 631 386 658 416; x_wconf 93' lang='lat' dir='ltr'><strong>A</strong></span> <span class='ocrx_word' id='word_1_16' title='bbox 677 391 709 416; x_wconf 90' lang='lat' dir='ltr'>et</span> <span class='ocrx_word' id='word_1_17' title='bbox 729 385 754 416; x_wconf 92' lang='lat' dir='ltr'>C</span> <span class='ocrx_word' id='word_1_18' title='bbox 778 397 848 417; x_wconf 79' lang='lat' dir='ltr'>suas</span> <span class='ocrx_word' id='word_1_19' title='bbox 868 386 1038 428; x_wconf 80' lang='lat' dir='ltr'>positiones</span> <span class='ocrx_word' id='word_1_20' title='bbox 1061 386 1250 427; x_wconf 77' lang='lat' dir='ltr'>mutabunt3</span> <span class='ocrx_word' id='word_1_21' title='bbox 1271 388 1325 419; x_wconf 84' lang='lat' dir='ltr'>sed</span> <span class='ocrx_word' id='word_1_22' title='bbox 1340 395 1434 420; x_wconf 82' lang='lat' dir='ltr'>rectae</span> 
     </span>
     <span class='ocr_line' id='line_1_4' title="bbox 102 439 1436 484; baseline -0.001 -9"><span class='ocrx_word' id='word_1_23' title='bbox 102 445 153 475; x_wconf 88' lang='lat' dir='ltr'>CF</span> <span class='ocrx_word' id='word_1_24' title='bbox 173 450 205 475; x_wconf 84' lang='lat' dir='ltr'>et</span> <span class='ocrx_word' id='word_1_25' title='bbox 227 444 282 475; x_wconf 79' lang='lat' dir='ltr'>AD</span> <span class='ocrx_word' id='word_1_26' title='bbox 305 448 402 474; x_wconf 87' lang='lat' dir='ltr'>erunt</span> <span class='ocrx_word' id='word_1_27' title='bbox 421 452 546 484; x_wconf 82' lang='lat' dir='ltr'>semper</span> <span class='ocrx_word' id='word_1_28' title='bbox 568 440 606 471; x_wconf 84' lang='lat' dir='ltr'>ad</span> <span class='ocrx_word' id='word_1_29' title='bbox 624 439 722 470; x_wconf 87' lang='lat' dir='ltr'>latera</span> <span class='ocrx_word' id='word_1_30' title='bbox 743 440 799 470; x_wconf 86' lang='lat' dir='ltr'>AR</span> <span class='ocrx_word' id='word_1_31' title='bbox 814 446 846 471; x_wconf 88' lang='lat' dir='ltr'>et</span> <span class='ocrx_word' id='word_1_32' title='bbox 861 439 913 470; x_wconf 88' lang='lat' dir='ltr'>CR</span> <span class='ocrx_word' id='word_1_33' title='bbox 927 440 1102 483; x_wconf 83' lang='lat' dir='ltr'>parallelae,</span> <span class='ocrx_word' id='word_1_34' title='bbox 1124 447 1157 472; x_wconf 91' lang='lat' dir='ltr'>et</span> <span class='ocrx_word' id='word_1_35' title='bbox 1177 452 1242 472; x_wconf 88' lang='lat' dir='ltr'>sese</span> <span class='ocrx_word' id='word_1_36' title='bbox 1263 442 1436 474; x_wconf 83' lang='lat' dir='ltr'>interseca-</span> 
     </span>
     <span class='ocr_line' id='line_1_5' title="bbox 101 493 1437 540; baseline -0.003 -10"><span class='ocrx_word' id='word_1_37' title='bbox 101 498 184 530; x_wconf 87' lang='lat' dir='ltr'>bunt</span> <span class='ocrx_word' id='word_1_38' title='bbox 205 509 300 540; x_wconf 86' lang='lat' dir='ltr'>supra</span> <span class='ocrx_word' id='word_1_39' title='bbox 327 496 398 526; x_wconf 85' lang='lat' dir='ltr'>BE:</span> <span class='ocrx_word' id='word_1_40' title='bbox 424 506 501 538; x_wconf 86' lang='lat' dir='ltr'>ergo</span> <span class='ocrx_word' id='word_1_41' title='bbox 524 495 580 525; x_wconf 87' lang='lat' dir='ltr'>ista</span> <span class='ocrx_word' id='word_1_42' title='bbox 607 494 798 537; x_wconf 62' lang='lat' dir='ltr'>proprietam,</span> <span class='ocrx_word' id='word_1_43' title='bbox 828 504 886 536; x_wconf 84' lang='lat' dir='ltr'>per</span> <span class='ocrx_word' id='word_1_44' title='bbox 906 493 1010 537; x_wconf 83' lang='lat' dir='ltr'>legem</span> <span class='ocrx_word' id='word_1_45' title='bbox 1033 495 1273 534; x_wconf 82' lang='lat' dir='ltr'>continuitatis,</span> <span class='ocrx_word' id='word_1_46' title='bbox 1296 495 1437 526; x_wconf 86' lang='lat' dir='ltr'>manebit</span> 
     </span>
     <span class='ocr_line' id='line_1_6' title="bbox 101 547 1437 594; baseline -0.003 -10"><span class='ocrx_word' id='word_1_47' title='bbox 101 552 233 591; x_wconf 86' lang='lat' dir='ltr'>eadem,</span> <span class='ocrx_word' id='word_1_48' title='bbox 255 549 383 594; x_wconf 87' lang='lat' dir='ltr'>quando</span> <span class='ocrx_word' id='word_1_49' title='bbox 402 554 562 592; x_wconf 86' lang='lat' dir='ltr'>punctum</span> <span class='ocrx_word' id='word_1_50' title='bbox 584 548 609 578; x_wconf 87' lang='lat' dir='ltr'>B</span> <span class='ocrx_word' id='word_1_51' title='bbox 632 548 723 579; x_wconf 84' lang='lat' dir='ltr'>cadet</span> <span class='ocrx_word' id='word_1_52' title='bbox 745 549 779 579; x_wconf 88' lang='lat' dir='ltr'>in</span> <span class='ocrx_word' id='word_1_53' title='bbox 800 547 836 578; x_wconf 89' lang='lat' dir='ltr'>B&#39;</span> <span class='ocrx_word' id='word_1_54' title='bbox 859 560 955 591; x_wconf 84' lang='lat' dir='ltr'>supra</span> <span class='ocrx_word' id='word_1_55' title='bbox 976 560 1125 589; x_wconf 82' lang='lat' dir='ltr'>curvam,</span> <span class='ocrx_word' id='word_1_56' title='bbox 1148 560 1211 592; x_wconf 91' lang='lat' dir='ltr'>quo</span> <span class='ocrx_word' id='word_1_57' title='bbox 1233 561 1308 581; x_wconf 83' lang='lat' dir='ltr'>casu</span> <span class='ocrx_word' id='word_1_58' title='bbox 1323 549 1437 580; x_wconf 80' lang='lat' dir='ltr'>A&#39;B&#39;C‘</span> 
     </span>
     <span class='ocr_line' id='line_1_7' title="bbox 103 602 1439 647; baseline -0.001 -10"><span class='ocrx_word' id='word_1_59' title='bbox 103 608 139 637; x_wconf 85' lang='lat' dir='ltr'>fit</span> <span class='ocrx_word' id='word_1_60' title='bbox 160 606 252 637; x_wconf 83' lang='lat' dir='ltr'>unica</span> <span class='ocrx_word' id='word_1_61' title='bbox 274 610 408 647; x_wconf 82' lang='lat' dir='ltr'>tangens</span> <span class='ocrx_word' id='word_1_62' title='bbox 430 603 469 634; x_wconf 85' lang='lat' dir='ltr'>ad</span> <span class='ocrx_word' id='word_1_63' title='bbox 490 602 544 642; x_wconf 78' lang='lat' dir='ltr'>B&#39;3</span> <span class='ocrx_word' id='word_1_64' title='bbox 567 613 642 645; x_wconf 84' lang='lat' dir='ltr'>ergo</span> <span class='ocrx_word' id='word_1_65' title='bbox 662 603 696 632; x_wconf 89' lang='lat' dir='ltr'>in</span> <span class='ocrx_word' id='word_1_66' title='bbox 716 603 840 645; x_wconf 88' lang='lat' dir='ltr'>trigono</span> <span class='ocrx_word' id='word_1_67' title='bbox 859 602 973 642; x_wconf 81' lang='lat' dir='ltr'>A&#39;RC&#39;‚</span> <span class='ocrx_word' id='word_1_68' title='bbox 999 602 1157 645; x_wconf 82' lang='lat' dir='ltr'>parallelae</span> <span class='ocrx_word' id='word_1_69' title='bbox 1178 603 1244 634; x_wconf 85' lang='lat' dir='ltr'>A&#39;D</span> <span class='ocrx_word' id='word_1_70' title='bbox 1265 609 1299 634; x_wconf 88' lang='lat' dir='ltr'>et</span> <span class='ocrx_word' id='word_1_71' title='bbox 1320 603 1380 634; x_wconf 89' lang='lat' dir='ltr'>C‘F</span> <span class='ocrx_word' id='word_1_72' title='bbox 1399 603 1439 635; x_wconf 85' lang='lat' dir='ltr'>ad</span> 
     </span>
     <span class='ocr_line' id='line_1_8' title="bbox 103 656 1135 699; baseline -0.005 -8"><span class='ocrx_word' id='word_1_73' title='bbox 103 660 202 691; x_wconf 85' lang='lat' dir='ltr'>latera</span> <span class='ocrx_word' id='word_1_74' title='bbox 222 657 284 689; x_wconf 89' lang='lat' dir='ltr'>RC&#39;</span> <span class='ocrx_word' id='word_1_75' title='bbox 305 663 338 689; x_wconf 90' lang='lat' dir='ltr'>et</span> <span class='ocrx_word' id='word_1_76' title='bbox 358 656 439 696; x_wconf 79' lang='lat' dir='ltr'>RA&#39;,</span> <span class='ocrx_word' id='word_1_77' title='bbox 464 667 531 687; x_wconf 90' lang='lat' dir='ltr'>sese</span> <span class='ocrx_word' id='word_1_78' title='bbox 549 661 657 687; x_wconf 82' lang='lat' dir='ltr'>secant</span> <span class='ocrx_word' id='word_1_79' title='bbox 676 667 770 698; x_wconf 87' lang='lat' dir='ltr'>supra</span> <span class='ocrx_word' id='word_1_80' title='bbox 795 656 987 687; x_wconf 78' lang='lat' dir='ltr'>diametrum</span> <span class='ocrx_word' id='word_1_81' title='bbox 1011 667 1067 699; x_wconf 91' lang='lat' dir='ltr'>per</span> <span class='ocrx_word' id='word_1_82' title='bbox 1087 656 1135 687; x_wconf 89' lang='lat' dir='ltr'>B&#39;.</span> 
     </span>
    </p>

    <p class='ocr_par' dir='ltr' id='par_1_3' title="bbox 102 709 1438 809">
     <span class='ocr_line' id='line_1_9' title="bbox 147 709 1438 754; baseline -0.001 -11"><span class='ocrx_word' id='word_1_83' title='bbox 147 712 261 743; x_wconf 88' lang='lat' dir='ltr'>Plures</span> <span class='ocrx_word' id='word_1_84' title='bbox 277 711 348 743; x_wconf 82' lang='lat' dir='ltr'>aliae</span> <span class='ocrx_word' id='word_1_85' title='bbox 368 710 578 753; x_wconf 81' lang='lat' dir='ltr'>proprietates</span> <span class='ocrx_word' id='word_1_86' title='bbox 594 710 719 751; x_wconf 85' lang='lat' dir='ltr'>trigono</span> <span class='ocrx_word' id='word_1_87' title='bbox 741 709 898 752; x_wconf 87' lang='lat' dir='ltr'>parabolae</span> <span class='ocrx_word' id='word_1_88' title='bbox 918 710 1088 752; x_wconf 78' lang='lat' dir='ltr'>inscripto,</span> <span class='ocrx_word' id='word_1_89' title='bbox 1111 710 1163 741; x_wconf 81' lang='lat' dir='ltr'>vel</span> <span class='ocrx_word' id='word_1_90' title='bbox 1181 711 1438 754; x_wconf 82' lang='lat' dir='ltr'>circumscripto,</span> 
     </span>
     <span class='ocr_line' id='line_1_10' title="bbox 102 762 1438 809; baseline -0.001 -11"><span class='ocrx_word' id='word_1_91' title='bbox 102 770 340 809; x_wconf 81' lang='lat' dir='ltr'>competentes,</span> <span class='ocrx_word' id='word_1_92' title='bbox 370 763 482 795; x_wconf 86' lang='lat' dir='ltr'>eodem</span> <span class='ocrx_word' id='word_1_93' title='bbox 510 762 622 803; x_wconf 83' lang='lat' dir='ltr'>modo,</span> <span class='ocrx_word' id='word_1_94' title='bbox 647 774 664 794; x_wconf 91' lang='lat' dir='ltr'>e</span> <span class='ocrx_word' id='word_1_95' title='bbox 687 762 941 805; x_wconf 79' lang='lat' dir='ltr'>praecedentibus</span> <span class='ocrx_word' id='word_1_96' title='bbox 965 763 1129 806; x_wconf 84' lang='lat' dir='ltr'>principiis</span> <span class='ocrx_word' id='word_1_97' title='bbox 1155 763 1271 795; x_wconf 83' lang='lat' dir='ltr'>deduci</span> <span class='ocrx_word' id='word_1_98' title='bbox 1296 771 1438 807; x_wconf 85' lang='lat' dir='ltr'>possunt.</span> 
     </span>
    </p>
   </div>
   <div class='ocr_carea' id='block_1_3' title="bbox 556 888 986 921">
    <p class='ocr_par' dir='ltr' id='par_1_4' title="bbox 556 888 986 921">
     <span class='ocr_line' id='line_1_11' title="bbox 556 888 986 921; baseline 0 -1"><span class='ocrx_word' id='word_1_99' title='bbox 556 889 827 921; x_wconf 87' lang='lat' dir='ltr'><strong>THEOREMA</strong></span> <span class='ocrx_word' id='word_1_100' title='bbox 884 888 986 920; x_wconf 87' lang='lat' dir='ltr'>XIV.</span> 
     </span>
    </p>
   </div>
   <div class='ocr_carea' id='block_1_4' title="bbox 105 973 1444 1514">
    <p class='ocr_par' dir='ltr' id='par_1_5' title="bbox 105 973 1443 1188">
     <span class='ocr_line' id='line_1_12' title="bbox 149 973 1441 1026; baseline -0.002 -10"><span class='ocrx_word' id='word_1_101' title='bbox 149 986 185 1016; x_wconf 91' lang='lat' dir='ltr'>In</span> <span class='ocrx_word' id='word_1_102' title='bbox 204 973 291 1016; x_wconf 79' lang='lat' dir='ltr'>oriani</span> <span class='ocrx_word' id='word_1_103' title='bbox 309 983 523 1026; x_wconf 78' lang='lat' dir='ltr'>qua-drilatero</span> <span class='ocrx_word' id='word_1_104' title='bbox 541 982 651 1014; x_wconf 90' lang='lat' dir='ltr'>ABCD</span> <span class='ocrx_word' id='word_1_105' title='bbox 675 983 750 1025; x_wconf 83' lang='lat' dir='ltr'>(fig.</span> <span class='ocrx_word' id='word_1_106' title='bbox 771 982 835 1025; x_wconf 83' lang='grc'>38)</span> <span class='ocrx_word' id='word_1_107' title='bbox 855 982 1042 1026; x_wconf 76' lang='lat' dir='ltr'>hyperbolae</span> <span class='ocrx_word' id='word_1_108' title='bbox 1063 982 1254 1026; x_wconf 82' lang='lat' dir='ltr'>aequilaterae</span> <span class='ocrx_word' id='word_1_109' title='bbox 1272 983 1441 1026; x_wconf 86' lang='lat' dir='ltr'>inscripto,</span> 
     </span>
     <span class='ocr_line' id='line_1_13' title="bbox 105 1036 1442 1083; baseline -0.001 -13"><span class='ocrx_word' id='word_1_110' title='bbox 105 1045 226 1083; x_wconf 88' lang='lat' dir='ltr'>puncta</span> <span class='ocrx_word' id='word_1_111' title='bbox 253 1039 279 1069; x_wconf 86' lang='lat' dir='ltr'>R</span> <span class='ocrx_word' id='word_1_112' title='bbox 304 1044 336 1069; x_wconf 84' lang='lat' dir='ltr'>et</span> <span class='ocrx_word' id='word_1_113' title='bbox 355 1037 392 1069; x_wconf 85' lang='lat' dir='ltr'>R&#39;</span> <span class='ocrx_word' id='word_1_114' title='bbox 417 1049 635 1069; x_wconf 88' lang='lat' dir='ltr'>concursuum</span> <span class='ocrx_word' id='word_1_115' title='bbox 664 1036 890 1079; x_wconf 81' lang='lat' dir='ltr'>parallelarum</span> <span class='ocrx_word' id='word_1_116' title='bbox 915 1038 1117 1080; x_wconf 79' lang='lat' dir='ltr'>asymptotis,</span> <span class='ocrx_word' id='word_1_117' title='bbox 1141 1049 1198 1080; x_wconf 90' lang='lat' dir='ltr'>per</span> <span class='ocrx_word' id='word_1_118' title='bbox 1226 1038 1442 1069; x_wconf 79' lang='lat' dir='ltr'>extremitates</span> 
     </span>
     <span class='ocr_line' id='line_1_14' title="bbox 105 1090 1443 1134; baseline -0.001 -10"><span class='ocrx_word' id='word_1_119' title='bbox 105 1094 203 1125; x_wconf 85' lang='lat' dir='ltr'>unius</span> <span class='ocrx_word' id='word_1_120' title='bbox 235 1091 342 1122; x_wconf 80' lang='lat' dir='ltr'>lateris</span> <span class='ocrx_word' id='word_1_121' title='bbox 371 1091 540 1123; x_wconf 85' lang='lat' dir='ltr'>ductarum</span> <span class='ocrx_word' id='word_1_122' title='bbox 553 1114 561 1130; x_wconf 85' lang='lat'>‚</span> <span class='ocrx_word' id='word_1_123' title='bbox 597 1102 671 1122; x_wconf 86' lang='lat' dir='ltr'>cum</span> <span class='ocrx_word' id='word_1_124' title='bbox 698 1090 851 1122; x_wconf 85' lang='lat' dir='ltr'>lateribus</span> <span class='ocrx_word' id='word_1_125' title='bbox 881 1091 980 1133; x_wconf 85' lang='lat' dir='ltr'>priori</span> <span class='ocrx_word' id='word_1_126' title='bbox 1009 1090 1243 1134; x_wconf 83' lang='lat' dir='ltr'>adjacentibus,</span> <span class='ocrx_word' id='word_1_127' title='bbox 1272 1090 1379 1134; x_wconf 85' lang='lat' dir='ltr'>jacent</span> <span class='ocrx_word' id='word_1_128' title='bbox 1409 1092 1443 1122; x_wconf 88' lang='lat' dir='ltr'>in</span> 
     </span>
     <span class='ocr_line' id='line_1_15' title="bbox 105 1144 621 1188; baseline -0.006 -10"><span class='ocrx_word' id='word_1_129' title='bbox 105 1152 191 1179; x_wconf 84' lang='lat' dir='ltr'>recta</span> <span class='ocrx_word' id='word_1_130' title='bbox 213 1151 326 1188; x_wconf 88' lang='lat' dir='ltr'>quarto</span> <span class='ocrx_word' id='word_1_131' title='bbox 346 1145 438 1176; x_wconf 86' lang='lat' dir='ltr'>lateri</span> <span class='ocrx_word' id='word_1_132' title='bbox 459 1144 621 1187; x_wconf 78' lang='lat' dir='ltr'>parallela-</span> 
     </span>
    </p>

    <p class='ocr_par' dir='ltr' id='par_1_6' title="bbox 105 1196 1444 1514">
     <span class='ocr_line' id='line_1_16' title="bbox 149 1196 1444 1242; baseline -0.002 -11"><span class='ocrx_word' id='word_1_133' title='bbox 149 1201 197 1231; x_wconf 83' lang='lat' dir='ltr'>Sit</span> <span class='ocrx_word' id='word_1_134' title='bbox 212 1199 377 1231; x_wconf 79' lang='lat' dir='ltr'><strong>ABCDEF</strong></span> <span class='ocrx_word' id='word_1_135' title='bbox 392 1198 596 1241; x_wconf 84' lang='lat' dir='ltr'>hexagonum</span> <span class='ocrx_word' id='word_1_136' title='bbox 612 1196 795 1241; x_wconf 81' lang='lat' dir='ltr'>hyperbolae</span> <span class='ocrx_word' id='word_1_137' title='bbox 809 1197 1003 1239; x_wconf 83' lang='lat' dir='ltr'>aequilaterae</span> <span class='ocrx_word' id='word_1_138' title='bbox 1018 1198 1222 1240; x_wconf 87' lang='lat' dir='ltr'>inscriptum,</span> <span class='ocrx_word' id='word_1_139' title='bbox 1239 1198 1331 1242; x_wconf 87' lang='lat' dir='ltr'>cujus</span> <span class='ocrx_word' id='word_1_140' title='bbox 1345 1198 1444 1230; x_wconf 84' lang='lat' dir='ltr'>latera</span> 
     </span>
     <span class='ocr_line' id='line_1_17' title="bbox 105 1251 1443 1298; baseline -0.002 -13"><span class='ocrx_word' id='word_1_141' title='bbox 105 1255 248 1298; x_wconf 89' lang='lat' dir='ltr'>opposita</span> <span class='ocrx_word' id='word_1_142' title='bbox 263 1254 298 1284; x_wconf 84' lang='lat' dir='ltr'>in</span> <span class='ocrx_word' id='word_1_143' title='bbox 312 1253 354 1293; x_wconf 81' lang='lat' dir='ltr'>R,</span> <span class='ocrx_word' id='word_1_144' title='bbox 366 1252 403 1283; x_wconf 88' lang='lat' dir='ltr'>R&#39;</span> <span class='ocrx_word' id='word_1_145' title='bbox 418 1258 451 1284; x_wconf 86' lang='lat' dir='ltr'>et</span> <span class='ocrx_word' id='word_1_146' title='bbox 462 1252 510 1283; x_wconf 83' lang='lat' dir='ltr'>R&#39;&#39;</span> <span class='ocrx_word' id='word_1_147' title='bbox 528 1256 744 1283; x_wconf 86' lang='lat' dir='ltr'>concurrunt:</span> <span class='ocrx_word' id='word_1_148' title='bbox 761 1262 917 1293; x_wconf 85' lang='lat' dir='ltr'>ponamus</span> <span class='ocrx_word' id='word_1_149' title='bbox 932 1257 1052 1293; x_wconf 83' lang='lat' dir='ltr'>puncta</span> <span class='ocrx_word' id='word_1_150' title='bbox 1070 1251 1097 1281; x_wconf 86' lang='lat' dir='ltr'>E</span> <span class='ocrx_word' id='word_1_151' title='bbox 1116 1257 1148 1282; x_wconf 85' lang='lat' dir='ltr'>et</span> <span class='ocrx_word' id='word_1_152' title='bbox 1163 1251 1187 1282; x_wconf 89' lang='lat' dir='ltr'><strong>F</strong></span> <span class='ocrx_word' id='word_1_153' title='bbox 1203 1262 1312 1283; x_wconf 86' lang='lat' dir='ltr'>versus</span> <span class='ocrx_word' id='word_1_154' title='bbox 1324 1258 1443 1294; x_wconf 89' lang='lat' dir='ltr'>puncta</span> 
     </span>
     <span class='ocr_line' id='line_1_18' title="bbox 105 1304 1443 1349; baseline -0.002 -9"><span class='ocrx_word' id='word_1_155' title='bbox 105 1314 248 1340; x_wconf 82' lang='lat' dir='ltr'>extrema</span> <span class='ocrx_word' id='word_1_156' title='bbox 268 1318 377 1338; x_wconf 82' lang='lat' dir='ltr'>curvae</span> <span class='ocrx_word' id='word_1_157' title='bbox 397 1307 498 1349; x_wconf 86' lang='lat' dir='ltr'>magis</span> <span class='ocrx_word' id='word_1_158' title='bbox 518 1317 554 1337; x_wconf 91' lang='lat' dir='ltr'>ac</span> <span class='ocrx_word' id='word_1_159' title='bbox 575 1306 675 1348; x_wconf 86' lang='lat' dir='ltr'>magis</span> <span class='ocrx_word' id='word_1_160' title='bbox 696 1304 843 1336; x_wconf 86' lang='lat' dir='ltr'>tendere:</span> <span class='ocrx_word' id='word_1_161' title='bbox 865 1310 985 1347; x_wconf 90' lang='lat' dir='ltr'>puncta</span> <span class='ocrx_word' id='word_1_162' title='bbox 1010 1305 1173 1345; x_wconf 83' lang='lat' dir='ltr'>R‚R&#39;‚R&#39;&#39;</span> <span class='ocrx_word' id='word_1_163' title='bbox 1198 1306 1351 1337; x_wconf 88' lang='lat' dir='ltr'>continuo</span> <span class='ocrx_word' id='word_1_164' title='bbox 1372 1317 1443 1337; x_wconf 85' lang='lat' dir='ltr'>suas</span> 
     </span>
     <span class='ocr_line' id='line_1_19' title="bbox 105 1358 1444 1406; baseline -0.002 -13"><span class='ocrx_word' id='word_1_165' title='bbox 105 1363 276 1406; x_wconf 83' lang='lat' dir='ltr'>positiones</span> <span class='ocrx_word' id='word_1_166' title='bbox 296 1360 468 1393; x_wconf 87' lang='lat' dir='ltr'>mutabunt</span> <span class='ocrx_word' id='word_1_167' title='bbox 488 1361 522 1391; x_wconf 92' lang='lat' dir='ltr'>in</span> <span class='ocrx_word' id='word_1_168' title='bbox 542 1360 717 1391; x_wconf 85' lang='lat' dir='ltr'>directione</span> <span class='ocrx_word' id='word_1_169' title='bbox 738 1359 922 1391; x_wconf 84' lang='lat' dir='ltr'>rectilinea:</span> <span class='ocrx_word' id='word_1_170' title='bbox 944 1358 1145 1402; x_wconf 87' lang='lat' dir='ltr'>proindeque</span> <span class='ocrx_word' id='word_1_171' title='bbox 1163 1359 1269 1391; x_wconf 86' lang='lat' dir='ltr'>adhue</span> <span class='ocrx_word' id='word_1_172' title='bbox 1288 1360 1322 1390; x_wconf 89' lang='lat' dir='ltr'>in</span> <span class='ocrx_word' id='word_1_173' title='bbox 1339 1359 1444 1391; x_wconf 90' lang='lat' dir='ltr'>direc-</span> 
     </span>
     <span class='ocr_line' id='line_1_20' title="bbox 105 1413 1442 1457; baseline -0.003 -9"><span class='ocrx_word' id='word_1_174' title='bbox 105 1422 177 1448; x_wconf 78' lang='lat' dir='ltr'>tum</span> <span class='ocrx_word' id='word_1_175' title='bbox 205 1421 301 1447; x_wconf 86' lang='lat' dir='ltr'>erunt</span> <span class='ocrx_word' id='word_1_176' title='bbox 327 1416 446 1457; x_wconf 85' lang='lat' dir='ltr'>posita,</span> <span class='ocrx_word' id='word_1_177' title='bbox 470 1414 598 1457; x_wconf 90' lang='lat' dir='ltr'>quando</span> <span class='ocrx_word' id='word_1_178' title='bbox 624 1419 745 1457; x_wconf 85' lang='lat' dir='ltr'>puncta</span> <span class='ocrx_word' id='word_1_179' title='bbox 771 1413 796 1444; x_wconf 92' lang='lat' dir='ltr'><strong>F</strong></span> <span class='ocrx_word' id='word_1_180' title='bbox 816 1419 848 1444; x_wconf 85' lang='lat' dir='ltr'>et</span> <span class='ocrx_word' id='word_1_181' title='bbox 866 1414 892 1444; x_wconf 92' lang='lat' dir='ltr'><strong>E</strong></span> <span class='ocrx_word' id='word_1_182' title='bbox 907 1414 941 1445; x_wconf 90' lang='lat' dir='ltr'>in</span> <span class='ocrx_word' id='word_1_183' title='bbox 964 1414 1127 1445; x_wconf 87' lang='lat' dir='ltr'>infinitum</span> <span class='ocrx_word' id='word_1_184' title='bbox 1155 1419 1252 1444; x_wconf 87' lang='lat' dir='ltr'>erunt</span> <span class='ocrx_word' id='word_1_185' title='bbox 1275 1413 1442 1444; x_wconf 82' lang='lat' dir='ltr'>translata:</span> 
     </span>
     <span class='ocr_line' id='line_1_21' title="bbox 108 1467 1443 1514; baseline -0.002 -13"><span class='ocrx_word' id='word_1_186' title='bbox 108 1471 214 1514; x_wconf 82' lang='lat' dir='ltr'>atqui,</span> <span class='ocrx_word' id='word_1_187' title='bbox 234 1470 267 1500; x_wconf 91' lang='lat' dir='ltr'>in</span> <span class='ocrx_word' id='word_1_188' title='bbox 283 1468 339 1500; x_wconf 87' lang='lat' dir='ltr'>illo</span> <span class='ocrx_word' id='word_1_189' title='bbox 356 1480 447 1508; x_wconf 83' lang='lat' dir='ltr'>casu,</span> <span class='ocrx_word' id='word_1_190' title='bbox 463 1475 622 1512; x_wconf 89' lang='lat' dir='ltr'>punctum</span> <span class='ocrx_word' id='word_1_191' title='bbox 638 1467 686 1499; x_wconf 84' lang='lat' dir='ltr'>R&#39;&#39;</span> <span class='ocrx_word' id='word_1_192' title='bbox 701 1468 741 1499; x_wconf 87' lang='lat' dir='ltr'>ad</span> <span class='ocrx_word' id='word_1_193' title='bbox 756 1469 935 1508; x_wconf 88' lang='lat' dir='ltr'>infinitum,</span> <span class='ocrx_word' id='word_1_194' title='bbox 953 1473 986 1499; x_wconf 86' lang='lat' dir='ltr'>et</span> <span class='ocrx_word' id='word_1_195' title='bbox 997 1473 1083 1499; x_wconf 89' lang='lat' dir='ltr'>recta</span> <span class='ocrx_word' id='word_1_196' title='bbox 1099 1467 1164 1499; x_wconf 85' lang='lat' dir='ltr'>RR&#39;</span> <span class='ocrx_word' id='word_1_197' title='bbox 1181 1467 1219 1498; x_wconf 87' lang='lat' dir='ltr'>ad</span> <span class='ocrx_word' id='word_1_198' title='bbox 1235 1467 1443 1499; x_wconf 87' lang='lat' dir='ltr'>directionem</span> 
     </span>
    </p>
   </div>
   <div class='ocr_carea' id='block_1_5' title="bbox 106 1522 1445 1623">
    <p class='ocr_par' dir='ltr' id='par_1_7' title="bbox 106 1522 1445 1623">
     <span class='ocr_line' id='line_1_22' title="bbox 106 1522 1445 1568; baseline -0.002 -12"><span class='ocrx_word' id='word_1_199' title='bbox 106 1523 291 1568; x_wconf 87' lang='lat' dir='ltr'>parallelam</span> <span class='ocrx_word' id='word_1_200' title='bbox 321 1523 414 1554; x_wconf 87' lang='lat' dir='ltr'>lateri</span> <span class='ocrx_word' id='word_1_201' title='bbox 444 1522 498 1554; x_wconf 92' lang='lat' dir='ltr'>BC</span> <span class='ocrx_word' id='word_1_202' title='bbox 525 1523 695 1567; x_wconf 86' lang='lat' dir='ltr'>pervenit:</span> <span class='ocrx_word' id='word_1_203' title='bbox 726 1522 814 1555; x_wconf 89' lang='lat' dir='ltr'>unde</span> <span class='ocrx_word' id='word_1_204' title='bbox 842 1523 988 1566; x_wconf 87' lang='lat' dir='ltr'>sequitur</span> <span class='ocrx_word' id='word_1_205' title='bbox 1020 1522 1119 1554; x_wconf 87' lang='lat' dir='ltr'>latera</span> <span class='ocrx_word' id='word_1_206' title='bbox 1151 1522 1205 1553; x_wconf 90' lang='lat' dir='ltr'>AF</span> <span class='ocrx_word' id='word_1_207' title='bbox 1229 1528 1262 1554; x_wconf 85' lang='lat' dir='ltr'>et</span> <span class='ocrx_word' id='word_1_208' title='bbox 1288 1522 1346 1553; x_wconf 92' lang='lat' dir='ltr'>DE</span> <span class='ocrx_word' id='word_1_209' title='bbox 1375 1522 1445 1554; x_wconf 83' lang='lat' dir='ltr'>fieri</span> 
     </span>
     <span class='ocr_line' id='line_1_23' title="bbox 108 1576 479 1623; baseline -0.005 -13"><span class='ocrx_word' id='word_1_210' title='bbox 108 1578 293 1623; x_wconf 78' lang='lat' dir='ltr'>asymptotis</span> <span class='ocrx_word' id='word_1_211' title='bbox 317 1576 479 1620; x_wconf 86' lang='lat' dir='ltr'>parallela.</span> 
     </span>
    </p>
   </div>
   <div class='ocr_carea' id='block_1_6' title="bbox 565 1700 991 1734">
    <p class='ocr_par' dir='ltr' id='par_1_8' title="bbox 565 1700 991 1734">
     <span class='ocr_line' id='line_1_24' title="bbox 565 1700 991 1734; baseline 0.002 -1"><span class='ocrx_word' id='word_1_212' title='bbox 565 1702 852 1734; x_wconf 85' lang='lat' dir='ltr'><strong>THEOREMA</strong></span> <span class='ocrx_word' id='word_1_213' title='bbox 911 1700 991 1734; x_wconf 88' lang='lat' dir='ltr'>XV.</span> 
     </span>
    </p>
   </div>
   <div class='ocr_carea' id='block_1_7' title="bbox 154 1795 1447 1840">
    <p class='ocr_par' dir='ltr' id='par_1_9' title="bbox 154 1795 1447 1840">
     <span class='ocr_line' id='line_1_25' title="bbox 154 1795 1447 1840; baseline -0.002 -12"><span class='ocrx_word' id='word_1_214' title='bbox 154 1798 192 1829; x_wconf 92' lang='lat' dir='ltr'>In</span> <span class='ocrx_word' id='word_1_215' title='bbox 218 1797 305 1829; x_wconf 88' lang='lat' dir='ltr'>omni</span> <span class='ocrx_word' id='word_1_216' title='bbox 330 1797 456 1840; x_wconf 85' lang='lat' dir='ltr'>trigono</span> <span class='ocrx_word' id='word_1_217' title='bbox 478 1795 661 1840; x_wconf 82' lang='lat' dir='ltr'>hyperbolae</span> <span class='ocrx_word' id='word_1_218' title='bbox 684 1796 878 1839; x_wconf 87' lang='lat' dir='ltr'>aequilaterae</span> <span class='ocrx_word' id='word_1_219' title='bbox 899 1796 1068 1839; x_wconf 74' lang='lat' dir='ltr'>inscripto,</span> <span class='ocrx_word' id='word_1_220' title='bbox 1090 1801 1249 1838; x_wconf 86' lang='lat' dir='ltr'>punctum</span> <span class='ocrx_word' id='word_1_221' title='bbox 1274 1795 1447 1826; x_wconf 77' lang='lat' dir='ltr'>concursus</span> 
     </span>
    </p>
   </div>
   <div class='ocr_carea' id='block_1_8' title="bbox 111 1848 1444 1948">
    <p class='ocr_par' dir='ltr' id='par_1_10' title="bbox 111 1848 1444 1948">
     <span class='ocr_line' id='line_1_26' title="bbox 111 1848 1444 1894; baseline -0.003 -11"><span class='ocrx_word' id='word_1_222' title='bbox 111 1852 211 1883; x_wconf 85' lang='lat' dir='ltr'>trium</span> <span class='ocrx_word' id='word_1_223' title='bbox 238 1851 439 1882; x_wconf 86' lang='lat' dir='ltr'>cathetorum</span> <span class='ocrx_word' id='word_1_224' title='bbox 467 1862 485 1882; x_wconf 93' lang='lat' dir='ltr'>e</span> <span class='ocrx_word' id='word_1_225' title='bbox 514 1850 686 1883; x_wconf 82' lang='lat' dir='ltr'>verticibus</span> <span class='ocrx_word' id='word_1_226' title='bbox 712 1851 830 1894; x_wconf 82' lang='lat' dir='ltr'>trigoni</span> <span class='ocrx_word' id='word_1_227' title='bbox 858 1850 897 1882; x_wconf 81' lang='lat' dir='ltr'>ad</span> <span class='ocrx_word' id='word_1_228' title='bbox 923 1850 1021 1881; x_wconf 87' lang='lat' dir='ltr'>latera</span> <span class='ocrx_word' id='word_1_229' title='bbox 1048 1849 1191 1892; x_wconf 82' lang='lat' dir='ltr'>opposita</span> <span class='ocrx_word' id='word_1_230' title='bbox 1217 1848 1444 1889; x_wconf 83' lang='lat' dir='ltr'>demissarum,</span> 
     </span>
     <span class='ocr_line' id='line_1_27' title="bbox 111 1904 605 1948; baseline -0.006 -11"><span class='ocrx_word' id='word_1_231' title='bbox 111 1917 208 1948; x_wconf 87' lang='lat' dir='ltr'>supra</span> <span class='ocrx_word' id='word_1_232' title='bbox 231 1904 440 1948; x_wconf 86' lang='lat' dir='ltr'>hyperbolam</span> <span class='ocrx_word' id='word_1_233' title='bbox 463 1905 605 1947; x_wconf 87' lang='lat' dir='ltr'>ponitur.</span> 
     </span>
    </p>
   </div>
   <div class='ocr_carea' id='block_1_9' title="bbox 113 1954 1448 2057">
    <p class='ocr_par' dir='ltr' id='par_1_11' title="bbox 113 1954 1448 2057">
     <span class='ocr_line' id='line_1_28' title="bbox 156 1954 1446 2001; baseline -0.003 -12"><span class='ocrx_word' id='word_1_234' title='bbox 156 1959 204 1990; x_wconf 90' lang='lat' dir='ltr'>Sit</span> <span class='ocrx_word' id='word_1_235' title='bbox 232 1958 314 1989; x_wconf 85' lang='lat' dir='ltr'>ABG</span> <span class='ocrx_word' id='word_1_236' title='bbox 341 1959 505 2001; x_wconf 81' lang='lat' dir='ltr'>trigonum</span> <span class='ocrx_word' id='word_1_237' title='bbox 531 1956 714 2000; x_wconf 82' lang='lat' dir='ltr'>hyperbolae</span> <span class='ocrx_word' id='word_1_238' title='bbox 743 1956 937 2000; x_wconf 86' lang='lat' dir='ltr'>aequilaterae</span> <span class='ocrx_word' id='word_1_239' title='bbox 966 1956 1167 1998; x_wconf 81' lang='lat' dir='ltr'>inscriptum.</span> <span class='ocrx_word' id='word_1_240' title='bbox 1203 1956 1348 1987; x_wconf 84' lang='lat' dir='ltr'>Ducatur</span> <span class='ocrx_word' id='word_1_241' title='bbox 1381 1954 1446 1985; x_wconf 93' lang='lat' dir='ltr'>CD&#39;</span> 
     </span>
     <span class='ocr_line' id='line_1_29' title="bbox 113 2008 1448 2057; baseline -0.004 -13"><span class='ocrx_word' id='word_1_242' title='bbox 113 2012 388 2057; x_wconf 85' lang='lat' dir='ltr'>perpendicularis</span> <span class='ocrx_word' id='word_1_243' title='bbox 409 2012 447 2043; x_wconf 80' lang='lat' dir='ltr'>ad</span> <span class='ocrx_word' id='word_1_244' title='bbox 469 2012 552 2044; x_wconf 89' lang='lat' dir='ltr'>latus</span> <span class='ocrx_word' id='word_1_245' title='bbox 572 2012 644 2053; x_wconf 85' lang='lat' dir='ltr'>AB,</span> <span class='ocrx_word' id='word_1_246' title='bbox 669 2018 702 2043; x_wconf 88' lang='lat' dir='ltr'>et</span> <span class='ocrx_word' id='word_1_247' title='bbox 722 2022 780 2056; x_wconf 91' lang='lat' dir='ltr'>per</span> <span class='ocrx_word' id='word_1_248' title='bbox 800 2017 920 2054; x_wconf 82' lang='lat' dir='ltr'>puncta</span> <span class='ocrx_word' id='word_1_249' title='bbox 947 2009 986 2041; x_wconf 93' lang='lat' dir='ltr'>D&#39;</span> <span class='ocrx_word' id='word_1_250' title='bbox 1007 2016 1040 2041; x_wconf 88' lang='lat' dir='ltr'>et</span> <span class='ocrx_word' id='word_1_251' title='bbox 1058 2010 1085 2041; x_wconf 90' lang='lat' dir='ltr'><strong>A</strong></span> <span class='ocrx_word' id='word_1_252' title='bbox 1107 2009 1267 2041; x_wconf 84' lang='lat' dir='ltr'>ducantur</span> <span class='ocrx_word' id='word_1_253' title='bbox 1289 2008 1448 2052; x_wconf 85' lang='lat' dir='ltr'>parallelae</span> 
     </span>
    </p>
   </div>
   <div class='ocr_carea' id='block_1_10' title="bbox 114 2062 1446 2153">
    <p class='ocr_par' dir='ltr' id='par_1_12' title="bbox 114 2062 1446 2153">
     <span class='ocr_line' id='line_1_30' title="bbox 114 2062 1446 2110; baseline -0.005 -11"><span class='ocrx_word' id='word_1_254' title='bbox 114 2067 181 2099; x_wconf 83' lang='lat' dir='ltr'>D&#39;r&#39;</span> <span class='ocrx_word' id='word_1_255' title='bbox 206 2073 239 2098; x_wconf 88' lang='lat' dir='ltr'>et</span> <span class='ocrx_word' id='word_1_256' title='bbox 260 2068 305 2098; x_wconf 90' lang='lat' dir='ltr'>Ar</span> <span class='ocrx_word' id='word_1_257' title='bbox 327 2066 366 2098; x_wconf 87' lang='lat' dir='ltr'>ad</span> <span class='ocrx_word' id='word_1_258' title='bbox 389 2072 596 2110; x_wconf 75' lang='lat' dir='ltr'>asymptote53</span> <span class='ocrx_word' id='word_1_259' title='bbox 619 2077 657 2098; x_wconf 83' lang='lat' dir='ltr'>ex</span> <span class='ocrx_word' id='word_1_260' title='bbox 679 2067 890 2099; x_wconf 86' lang='lat' dir='ltr'>Theoremate</span> <span class='ocrx_word' id='word_1_261' title='bbox 914 2064 1124 2108; x_wconf 80' lang='lat' dir='ltr'>praecedenti,</span> <span class='ocrx_word' id='word_1_262' title='bbox 1149 2065 1210 2095; x_wconf 88' lang='lat' dir='ltr'>erit</span> <span class='ocrx_word' id='word_1_263' title='bbox 1232 2063 1273 2094; x_wconf 83' lang='lat' dir='ltr'>rr&#39;</span> <span class='ocrx_word' id='word_1_264' title='bbox 1297 2062 1446 2106; x_wconf 82' lang='lat' dir='ltr'>parallela</span> 
     </span>
     <span class='ocr_line' id='line_1_31' title="bbox 116 2116 1140 2153; baseline -0.005 0"><span class='ocrx_word' id='word_1_265' title='bbox 116 2121 154 2153; x_wconf 87' lang='lat' dir='ltr'>ad</span> <span class='ocrx_word' id='word_1_266' title='bbox 175 2121 259 2153; x_wconf 87' lang='lat' dir='ltr'>latus</span> <span class='ocrx_word' id='word_1_267' title='bbox 278 2120 342 2152; x_wconf 85' lang='lat' dir='ltr'>BC.</span> <span class='ocrx_word' id='word_1_268' title='bbox 1120 2116 1140 2148; x_wconf 90' lang='lat'><strong>5</strong></span> 
     </span>
    </p>
   </div>
  </div>
 </body>
</html>
