1747 2620
904 261 1018 305 (32)

299 340 383 385 quod
404 351 535 383 nempe,
561 338 705 382 quamvis
727 338 759 368 in
782 336 970 368 continuum
993 340 1115 367 motum
1141 339 1323 373 versentur,
1349 345 1514 376 nunquam
1535 335 1623 366 lassi—-

300 395 411 427 tudine
428 394 650 436 corripiantur.
670 392 729 422 Hic
745 402 808 421 non
824 401 1059 432 supervacuum
1078 388 1156 419 duxi
1171 388 1261 418 istius
1279 387 1480 430 phaenomeni
1497 399 1623 420 causam

299 449 461 491 inquirere
480 453 512 478 et
528 446 594 477 haec
615 444 744 487 quidem
766 443 844 474 mihi
866 443 910 472 sic
930 442 1070 473 eruenda
1091 441 1236 473 videtur:
1263 440 1345 471 hanc
1365 453 1381 472 a
1402 441 1490 484 copi-51
1507 453 1624 473 nervo-

299 515 372 535 rum
398 501 616 543 organicorum
640 497 780 540 pendere
803 495 964 526 observata
991 507 1047 526 nos
1075 494 1206 533 docent,
1233 505 1306 524 nam
1333 495 1357 524 si
1380 505 1417 525 ex
1440 495 1503 526 una
1533 501 1622 537 parte

299 555 532 587 consideramus
547 550 738 582 lassitudinis
757 549 951 592 principium
968 560 1032 579 non
1048 550 1081 579 in
1098 547 1248 579 musculis
1265 548 1355 591 ipsis,
1375 548 1428 579 sed
1444 550 1476 578 in
1495 548 1623 581 illorum

299 610 403 640 nervis
420 607 568 645 existere,
586 605 635 637 vel
656 604 694 634 ob
713 603 803 634 fluidi
824 604 933 635 nervei
949 602 1113 634 defectum
1133 601 1183 634 vel
1197 601 1290 632 aliani
1308 601 1473 644 (quaenam
1492 601 1623 634 deinum

298 663 359 704 sit)
387 660 426 692 ob
448 670 591 698 causam3
615 659 639 688 si
664 668 702 688 ex
728 656 825 687 alterii
851 662 940 698 parte
967 655 1265 694 animadvertimus,
1292 666 1404 686 nervos
1431 655 1527 687 solius
1552 657 1624 688 vitae

298 714 442 746 animalis
471 713 560 743 istius
583 709 774 742 lassitudinis
799 709 994 752 principium
1017 709 1194 752 producere
1218 714 1250 739 et
1269 719 1436 750 nunquam
1458 708 1520 739 tale
1545 709 1623 751 quid

299 771 332 799 in
348 767 452 799 nervis
472 767 544 797 vitae
564 764 718 806 organicae
736 762 911 801 observari,
931 763 979 793 uti
1000 762 1089 792 nobis
1104 762 1205 793 cordis
1221 767 1253 792 et
1267 762 1456 793 arteriarum
1472 763 1624 794 continua

299 821 470 853 contractio
502 825 534 850 et
563 818 786 848 intestinorum
818 821 923 847 motus
957 815 1168 859 peristalticus
1197 814 1447 845 luculentissima
1475 815 1624 858 exempla

298 874 455 918 praebent3
472 873 496 903 si
518 876 669 914 praeterea
685 868 902 908 observamus,
918 869 1131 900 intercostales
1147 868 1306 900 musculos
1326 873 1359 899 et
1373 869 1534 911 praecipue
1554 868 1625 900 dia-

297 928 450 971 phragma
479 924 587 956 multis
615 923 721 954 nervis
742 923 814 954 vitae
840 923 998 964 organicae
1022 923 1214 964 perreptari‚
1244 921 1330 963 quod
1355 933 1420 952 non
1445 922 1479 952 in
1503 923 1624 953 caeteris

297 979 465 1017 musculis,
489 977 628 1020 exceptis
646 975 739 1007 corde
761 981 794 1006 et
808 974 916 1006 tunica
937 974 1160 1005 intestinorum
1183 974 1376 1014 nlusculari,
1398 974 1543 1014 obvenit,
1569 976 1622 1007 vix

298 1033 434 1077 amplius
452 1031 597 1063 dubitare
618 1040 802 1072 possumus,
821 1029 900 1071 quin
922 1028 973 1059 hic
988 1028 1180 1059 lassitudinis
1202 1027 1347 1059 defectus
1365 1039 1382 1058 a
1403 1028 1509 1060 nervis
1530 1039 1624 1071 orga—

299 1089 378 1119 nicis
395 1087 514 1118 oriatur
532 1084 596 1126 (1),
621 1089 653 1114 et
673 1081 805 1125 proinde
824 1081 972 1113 certiores
992 1081 1068 1112 facti
1086 1092 1195 1113 sumus
1218 1080 1340 1123 aliquid
1358 1092 1440 1121 esse,
1464 1081 1549 1124 quod
1565 1093 1624 1113 na-

299 1148 403 1173 turam
433 1149 605 1170 nervorum
636 1135 925 1179 ganglionariorum
951 1146 968 1165 a
996 1140 1110 1166 natura
1141 1145 1314 1167 nervorum
1343 1134 1623 1177 encephalicorum

298 1195 507 1227 diversissime
527 1190 709 1232 distinguit:
731 1200 865 1232 magnus
884 1188 1140 1231 disquisitionum
1157 1187 1448 1231 physiologicarum
1466 1188 1547 1219 fons.

306 1261 1614 1277 ’,μή-

358 1306 401 1336 (ι)
417 1305 464 1328 Hic
486 1302 637 1326 lassitudinis
661 1301 780 1329 defectus,
807 1300 827 1323 si
850 1299 950 1330 optimis
972 1299 1031 1322 viris
1056 1300 1128 1322 fidem
1153 1299 1284 1322 habeamus
1306 1299 1371 1322 nihil
1396 1300 1516 1330 peculiare
1538 1299 1623 1322 offert:

299 1347 457 1377 diaphragma
475 1344 518 1366 sub
533 1344 575 1365 sua
590 1342 707 1366 contiuua
723 1342 818 1364 actione
831 1341 900 1363 nulla
918 1339 1022 1363 afficitur
1035 1339 1190 1368 lassitudine,
1205 1347 1234 1362 ex
1246 1347 1273 1362 eo
1286 1339 1351 1369 quod
1367 1343 1421 1369 post
1435 1339 1555 1369 singulam
1569 1346 1626 1362 cou-

300 1387 442 1410 tractionem
457 1383 564 1415 sequitur
581 1381 699 1405 relaxatio
716 1381 759 1404 sub
775 1381 823 1411 quii
840 1380 999 1411 diaphragma
1017 1380 1131 1410 quiescit,
1150 1383 1174 1402 et
1191 1387 1246 1402 cum
1260 1379 1303 1402 illa
1321 1378 1388 1409 quies
1406 1378 1507 1409 singulae
1519 1382 1627 1401 contrac-

299 1427 361 1450 tioni
375 1425 495 1456 sequitur,
512 1431 561 1446 uon
578 1422 643 1446 valet
658 1422 691 1444 sic
707 1421 769 1444 illud
785 1427 902 1451 organum
914 1420 1006 1443 viribus
1023 1420 1071 1442 suis
1082 1419 1197 1442 destitui:
1214 1423 1240 1441 at
1251 1418 1375 1442 enimvero
1389 1417 1468 1440 simile
1481 1417 1539 1448 quid
1551 1417 1625 1440 etiam

299 1469 439 1491 observatur
465 1465 491 1487 in
510 1463 700 1495 quibuscumque
719 1461 847 1489 musculis,
868 1460 926 1483 dum
950 1460 1040 1483 scilicet
1062 1464 1137 1491 agunt
1159 1459 1233 1482 etiam
1251 1459 1277 1481 in
1300 1458 1394 1481 alterno
1413 1458 1586 1481 contractionis
1603 1462 1627 1481 et

298 1505 458 1530 relaxationis
474 1508 543 1527 motu
557 1507 627 1530 suut,
645 1506 762 1525 ettamen
780 1505 833 1532 post
848 1505 938 1524 certum
956 1500 1070 1530 temporis
1088 1500 1206 1530 spatium,
1225 1499 1304 1522 invita
1318 1498 1362 1521 hac
1381 1497 1542 1528 relaxatione,
1565 1497 1624 1521 adeo

298 1547 393 1571 viribus
411 1545 459 1568 suis
473 1543 650 1567 exhauriuntur
668 1546 695 1564 ut
711 1541 786 1564 nullis
804 1540 909 1571 amplius
925 1539 1030 1563 motibus
1047 1538 1217 1570 persequendis
1233 1545 1329 1569 capaces
1345 1537 1403 1561 sint.

777 1821 1145 1845 -—-·=:·÷'e‹G>-—-
