<?xml version="1.0" encoding="UTF-8"?>
<!DOCTYPE html PUBLIC "-//W3C//DTD XHTML 1.0 Transitional//EN"
    "http://www.w3.org/TR/xhtml1/DTD/xhtml1-transitional.dtd">
<html xmlns="http://www.w3.org/1999/xhtml" xml:lang="en" lang="en">
 <head>
  <title>
</title>
<meta http-equiv="Content-Type" content="text/html;charset=utf-8" />
  <meta name='ocr-system' content='tesseract 3.04.00' />
  <meta name='ocr-capabilities' content='ocr_page ocr_carea ocr_par ocr_line ocrx_word'/>
</head>
<body>
  <div class='ocr_page' id='page_1' title='image "annalesacademiae00acad_0285.png"; bbox 0 0 1747 2620; ppageno 0'>
   <div class='ocr_carea' id='block_1_1' title="bbox 696 282 809 325">
    <p class='ocr_par' dir='ltr' id='par_1_1' title="bbox 696 282 809 325">
     <span class='ocr_line' id='line_1_1' title="bbox 696 282 809 325; baseline 0.009 -1"><span class='ocrx_word' id='word_1_1' title='bbox 696 282 809 325; x_wconf 84' lang='lat'>(97)</span> 
     </span>
    </p>
   </div>
   <div class='ocr_carea' id='block_1_2' title="bbox 79 355 1431 1975">
    <p class='ocr_par' dir='ltr' id='par_1_2' title="bbox 81 355 1424 457">
     <span class='ocr_line' id='line_1_2' title="bbox 82 355 1424 402; baseline 0.002 -11"><span class='ocrx_word' id='word_1_2' title='bbox 82 358 181 402; x_wconf 72' lang='lat' dir='ltr'>hujus</span> <span class='ocrx_word' id='word_1_3' title='bbox 210 369 336 401; x_wconf 80' lang='lat' dir='ltr'>semper</span> <span class='ocrx_word' id='word_1_4' title='bbox 361 356 556 401; x_wconf 80' lang='lat' dir='ltr'>profluvium</span> <span class='ocrx_word' id='word_1_5' title='bbox 579 355 789 395; x_wconf 69' lang='lat' dir='ltr'>determinat,</span> <span class='ocrx_word' id='word_1_6' title='bbox 817 361 892 387; x_wconf 82' lang='lat' dir='ltr'>sunt</span> <span class='ocrx_word' id='word_1_7' title='bbox 918 361 1026 388; x_wconf 89' lang='lat' dir='ltr'>tamen</span> <span class='ocrx_word' id='word_1_8' title='bbox 1052 368 1141 389; x_wconf 90' lang='lat' dir='ltr'>casus</span> <span class='ocrx_word' id='word_1_9' title='bbox 1167 358 1201 389; x_wconf 91' lang='lat' dir='ltr'>in</span> <span class='ocrx_word' id='word_1_10' title='bbox 1227 360 1344 402; x_wconf 84' lang='lat' dir='ltr'>quibus</span> <span class='ocrx_word' id='word_1_11' title='bbox 1369 362 1424 395; x_wconf 72' lang='lat' dir='ltr'>sua</span> 
     </span>
     <span class='ocr_line' id='line_1_3' title="bbox 81 409 979 457; baseline -0.004 -12"><span class='ocrx_word' id='word_1_12' title='bbox 81 419 193 457; x_wconf 88' lang='lat' dir='ltr'>sponte</span> <span class='ocrx_word' id='word_1_13' title='bbox 218 418 333 451; x_wconf 87' lang='lat' dir='ltr'>cessat,</span> <span class='ocrx_word' id='word_1_14' title='bbox 356 411 411 443; x_wconf 88' lang='lat' dir='ltr'>sed</span> <span class='ocrx_word' id='word_1_15' title='bbox 435 416 562 454; x_wconf 89' lang='lat' dir='ltr'>oportet</span> <span class='ocrx_word' id='word_1_16' title='bbox 586 421 639 442; x_wconf 83' lang='lat' dir='ltr'>vas</span> <span class='ocrx_word' id='word_1_17' title='bbox 665 409 836 441; x_wconf 85' lang='lat' dir='ltr'>minimum</span> <span class='ocrx_word' id='word_1_18' title='bbox 861 410 901 441; x_wconf 88' lang='lat' dir='ltr'>sit</span> <span class='ocrx_word' id='word_1_19' title='bbox 921 409 979 453; x_wconf 84' lang='lat'>(1)</span> 
     </span>
    </p>

    <p class='ocr_par' dir='ltr' id='par_1_3' title="bbox 80 464 1430 1267">
     <span class='ocr_line' id='line_1_4' title="bbox 127 464 1427 508; baseline 0.004 -10"><span class='ocrx_word' id='word_1_20' title='bbox 127 467 304 498; x_wconf 84' lang='lat' dir='ltr'>Videamus</span> <span class='ocrx_word' id='word_1_21' title='bbox 320 477 408 497; x_wconf 89' lang='lat' dir='ltr'>nunc</span> <span class='ocrx_word' id='word_1_22' title='bbox 424 464 502 508; x_wconf 90' lang='lat' dir='ltr'>quid</span> <span class='ocrx_word' id='word_1_23' title='bbox 518 464 656 495; x_wconf 85' lang='lat' dir='ltr'>efficiant</span> <span class='ocrx_word' id='word_1_24' title='bbox 672 464 805 496; x_wconf 85' lang='lat' dir='ltr'>vulnera</span> <span class='ocrx_word' id='word_1_25' title='bbox 824 475 980 496; x_wconf 88' lang='lat' dir='ltr'>venarum</span> <span class='ocrx_word' id='word_1_26' title='bbox 995 466 1257 499; x_wconf 77' lang='lat' dir='ltr'>coronariarum‘?</span> <span class='ocrx_word' id='word_1_27' title='bbox 1272 468 1375 501; x_wconf 88' lang='lat' dir='ltr'>Simul</span> <span class='ocrx_word' id='word_1_28' title='bbox 1391 483 1427 503; x_wconf 90' lang='lat' dir='ltr'>ac</span> 
     </span>
     <span class='ocr_line' id='line_1_5' title="bbox 84 518 1428 561; baseline 0.002 -8"><span class='ocrx_word' id='word_1_29' title='bbox 84 533 124 554; x_wconf 84' lang='lat' dir='ltr'>ex</span> <span class='ocrx_word' id='word_1_30' title='bbox 139 521 190 552; x_wconf 82' lang='lat' dir='ltr'>his</span> <span class='ocrx_word' id='word_1_31' title='bbox 204 531 292 552; x_wconf 87' lang='lat' dir='ltr'>unus</span> <span class='ocrx_word' id='word_1_32' title='bbox 305 519 426 551; x_wconf 83' lang='lat' dir='ltr'>aliusve</span> <span class='ocrx_word' id='word_1_33' title='bbox 442 530 549 550; x_wconf 87' lang='lat' dir='ltr'>ramus</span> <span class='ocrx_word' id='word_1_34' title='bbox 566 518 790 561; x_wconf 82' lang='lat' dir='ltr'>pertunditur,</span> <span class='ocrx_word' id='word_1_35' title='bbox 807 519 935 561; x_wconf 82' lang='lat' dir='ltr'>sanguis</span> <span class='ocrx_word' id='word_1_36' title='bbox 954 530 1091 550; x_wconf 83' lang='lat' dir='ltr'>venosus</span> <span class='ocrx_word' id='word_1_37' title='bbox 1105 519 1144 551; x_wconf 83' lang='lat' dir='ltr'>ab</span> <span class='ocrx_word' id='word_1_38' title='bbox 1160 521 1309 554; x_wconf 85' lang='lat' dir='ltr'>omnibus</span> <span class='ocrx_word' id='word_1_39' title='bbox 1326 524 1428 556; x_wconf 89' lang='lat' dir='ltr'>cordis</span> 
     </span>
     <span class='ocr_line' id='line_1_6' title="bbox 84 572 1427 618; baseline 0.003 -12"><span class='ocrx_word' id='word_1_40' title='bbox 84 574 228 618; x_wconf 84' lang='lat' dir='ltr'>partibus</span> <span class='ocrx_word' id='word_1_41' title='bbox 246 573 348 605; x_wconf 76' lang='lat' dir='ltr'>redux</span> <span class='ocrx_word' id='word_1_42' title='bbox 372 578 405 604; x_wconf 90' lang='lat' dir='ltr'>et</span> <span class='ocrx_word' id='word_1_43' title='bbox 423 573 481 616; x_wconf 86' lang='lat' dir='ltr'>qui</span> <span class='ocrx_word' id='word_1_44' title='bbox 503 574 536 604; x_wconf 93' lang='lat' dir='ltr'>in</span> <span class='ocrx_word' id='word_1_45' title='bbox 555 572 653 616; x_wconf 88' lang='lat' dir='ltr'>hujus</span> <span class='ocrx_word' id='word_1_46' title='bbox 672 572 783 603; x_wconf 67' lang='lat' dir='ltr'>dextra</span> <span class='ocrx_word' id='word_1_47' title='bbox 803 572 948 604; x_wconf 71' lang='lat' dir='ltr'>auricula</span> <span class='ocrx_word' id='word_1_48' title='bbox 967 573 1099 604; x_wconf 89' lang='lat' dir='ltr'>infundi</span> <span class='ocrx_word' id='word_1_49' title='bbox 1118 573 1263 615; x_wconf 82' lang='lat' dir='ltr'><strong>deberet,</strong></span> <span class='ocrx_word' id='word_1_50' title='bbox 1284 587 1372 609; x_wconf 85' lang='lat' dir='ltr'>nunc</span> <span class='ocrx_word' id='word_1_51' title='bbox 1394 578 1427 610; x_wconf 87' lang='lat' dir='ltr'>in</span> 
     </span>
     <span class='ocr_line' id='line_1_7' title="bbox 81 626 1429 674; baseline 0.003 -14"><span class='ocrx_word' id='word_1_52' title='bbox 81 628 261 673; x_wconf 86' lang='lat' dir='ltr'>pericardio</span> <span class='ocrx_word' id='word_1_53' title='bbox 282 628 411 668; x_wconf 76' lang='lat' dir='ltr'>incidit,</span> <span class='ocrx_word' id='word_1_54' title='bbox 432 627 498 659; x_wconf 89' lang='lat' dir='ltr'>illic</span> <span class='ocrx_word' id='word_1_55' title='bbox 518 627 680 670; x_wconf 81' lang='lat' dir='ltr'>colligitur</span> <span class='ocrx_word' id='word_1_56' title='bbox 701 633 732 658; x_wconf 88' lang='lat' dir='ltr'>et</span> <span class='ocrx_word' id='word_1_57' title='bbox 752 626 863 658; x_wconf 87' lang='lat' dir='ltr'>eadem</span> <span class='ocrx_word' id='word_1_58' title='bbox 886 633 1112 670; x_wconf 75' lang='lat' dir='ltr'>symptomata,</span> <span class='ocrx_word' id='word_1_59' title='bbox 1131 639 1203 671; x_wconf 64' lang='lat' dir='ltr'>quae</span> <span class='ocrx_word' id='word_1_60' title='bbox 1219 630 1315 672; x_wconf 86' lang='lat' dir='ltr'>paulo</span> <span class='ocrx_word' id='word_1_61' title='bbox 1332 642 1429 674; x_wconf 87' lang='lat' dir='ltr'>supra</span> 
     </span>
     <span class='ocr_line' id='line_1_8' title="bbox 82 680 1428 727; baseline 0.002 -13"><span class='ocrx_word' id='word_1_62' title='bbox 82 683 305 727; x_wconf 79' lang='lat' dir='ltr'>exposuimuS,</span> <span class='ocrx_word' id='word_1_63' title='bbox 317 682 496 726; x_wconf 88' lang='lat' dir='ltr'>producere</span> <span class='ocrx_word' id='word_1_64' title='bbox 508 681 607 721; x_wconf 75' lang='lat' dir='ltr'>valet,</span> <span class='ocrx_word' id='word_1_65' title='bbox 621 680 707 712; x_wconf 83' lang='lat' dir='ltr'>cordi</span> <span class='ocrx_word' id='word_1_66' title='bbox 719 691 830 712; x_wconf 86' lang='lat' dir='ltr'>revera</span> <span class='ocrx_word' id='word_1_67' title='bbox 842 681 988 711; x_wconf 85' lang='lat' dir='ltr'>nutriens</span> <span class='ocrx_word' id='word_1_68' title='bbox 999 680 1082 712; x_wconf 77' lang='lat' dir='ltr'>latex</span> <span class='ocrx_word' id='word_1_69' title='bbox 1096 693 1159 713; x_wconf 88' lang='lat' dir='ltr'>non</span> <span class='ocrx_word' id='word_1_70' title='bbox 1172 683 1361 726; x_wconf 75' lang='lat' dir='ltr'><strong>subripitur,</strong></span> <span class='ocrx_word' id='word_1_71' title='bbox 1373 686 1428 717; x_wconf 86' lang='lat' dir='ltr'>sed</span> 
     </span>
     <span class='ocr_line' id='line_1_9' title="bbox 81 734 1428 782; baseline 0.001 -12"><span class='ocrx_word' id='word_1_72' title='bbox 81 749 208 781; x_wconf 86' lang='lat' dir='ltr'>semper</span> <span class='ocrx_word' id='word_1_73' title='bbox 218 737 358 768; x_wconf 81' lang='lat' dir='ltr'>stillante</span> <span class='ocrx_word' id='word_1_74' title='bbox 370 737 505 776; x_wconf 89' lang='lat' dir='ltr'>orificio,</span> <span class='ocrx_word' id='word_1_75' title='bbox 517 736 645 779; x_wconf 80' lang='lat' dir='ltr'>sanguis</span> <span class='ocrx_word' id='word_1_76' title='bbox 657 740 793 765; x_wconf 83' lang='lat' dir='ltr'>cunctus</span> <span class='ocrx_word' id='word_1_77' title='bbox 805 734 1011 765; x_wconf 81' lang='lat' dir='ltr'>OEconomiae</span> <span class='ocrx_word' id='word_1_78' title='bbox 1025 735 1107 767; x_wconf 89' lang='lat' dir='ltr'>foras</span> <span class='ocrx_word' id='word_1_79' title='bbox 1120 735 1285 780; x_wconf 77' lang='lat' dir='ltr'>dejicitur,</span> <span class='ocrx_word' id='word_1_80' title='bbox 1299 744 1331 769; x_wconf 90' lang='lat' dir='ltr'>et</span> <span class='ocrx_word' id='word_1_81' title='bbox 1344 740 1428 782; x_wconf 87' lang='lat' dir='ltr'>perit</span> 
     </span>
     <span class='ocr_line' id='line_1_10' title="bbox 81 788 1428 837; baseline 0.001 -14"><span class='ocrx_word' id='word_1_82' title='bbox 81 793 258 832; x_wconf 78' lang='lat' dir='ltr'>sauciatus3</span> <span class='ocrx_word' id='word_1_83' title='bbox 275 797 433 830; x_wconf 80' lang='lat' dir='ltr'>attamen,</span> <span class='ocrx_word' id='word_1_84' title='bbox 450 791 506 833; x_wconf 87' lang='lat' dir='ltr'>qui</span> <span class='ocrx_word' id='word_1_85' title='bbox 524 790 584 821; x_wconf 89' lang='lat' dir='ltr'>hoc</span> <span class='ocrx_word' id='word_1_86' title='bbox 601 788 737 820; x_wconf 86' lang='lat' dir='ltr'>vulnere</span> <span class='ocrx_word' id='word_1_87' title='bbox 748 788 883 828; x_wconf 83' lang='lat' dir='ltr'>laborat,</span> <span class='ocrx_word' id='word_1_88' title='bbox 903 790 1008 832; x_wconf 88' lang='lat' dir='ltr'>potius</span> <span class='ocrx_word' id='word_1_89' title='bbox 1024 800 1041 820; x_wconf 91' lang='lat' dir='ltr'>e</span> <span class='ocrx_word' id='word_1_90' title='bbox 1057 791 1339 833; x_wconf 61' lang='lat' dir='ltr'>syutptomatibUS,</span> <span class='ocrx_word' id='word_1_91' title='bbox 1354 805 1428 837; x_wconf 86' lang='lat' dir='ltr'>quae</span> 
     </span>
     <span class='ocr_line' id='line_1_11' title="bbox 82 843 1429 891; baseline 0.002 -14"><span class='ocrx_word' id='word_1_92' title='bbox 82 852 301 879; x_wconf 69' lang='lat' dir='ltr'>extravasatus</span> <span class='ocrx_word' id='word_1_93' title='bbox 323 846 357 876; x_wconf 91' lang='lat' dir='ltr'>in</span> <span class='ocrx_word' id='word_1_94' title='bbox 378 844 557 888; x_wconf 86' lang='lat' dir='ltr'>pericardio</span> <span class='ocrx_word' id='word_1_95' title='bbox 579 844 684 887; x_wconf 84' lang='lat' dir='ltr'>liquor</span> <span class='ocrx_word' id='word_1_96' title='bbox 704 843 767 888; x_wconf 90' lang='lat' dir='ltr'>jam</span> <span class='ocrx_word' id='word_1_97' title='bbox 793 849 981 887; x_wconf 81' lang='lat' dir='ltr'>putrescens</span> <span class='ocrx_word' id='word_1_98' title='bbox 1002 843 1211 885; x_wconf 81' lang='lat' dir='ltr'>determinat,</span> <span class='ocrx_word' id='word_1_99' title='bbox 1236 857 1332 889; x_wconf 85' lang='lat' dir='ltr'>quam</span> <span class='ocrx_word' id='word_1_100' title='bbox 1354 849 1429 891; x_wconf 90' lang='lat' dir='ltr'>qui-</span> 
     </span>
     <span class='ocr_line' id='line_1_12' title="bbox 82 897 1428 945; baseline 0.001 -13"><span class='ocrx_word' id='word_1_101' title='bbox 82 900 155 932; x_wconf 87' lang='lat' dir='ltr'>dem</span> <span class='ocrx_word' id='word_1_102' title='bbox 173 911 190 932; x_wconf 88' lang='lat' dir='ltr'>e</span> <span class='ocrx_word' id='word_1_103' title='bbox 208 900 373 943; x_wconf 82' lang='lat' dir='ltr'>sanguinis</span> <span class='ocrx_word' id='word_1_104' title='bbox 392 899 524 931; x_wconf 88' lang='lat' dir='ltr'>defectu</span> <span class='ocrx_word' id='word_1_105' title='bbox 546 898 692 929; x_wconf 88' lang='lat' dir='ltr'>moritur.</span> <span class='ocrx_word' id='word_1_106' title='bbox 720 897 905 938; x_wconf 79' lang='lat' dir='ltr'>Quamnam</span> <span class='ocrx_word' id='word_1_107' title='bbox 923 898 1023 941; x_wconf 85' lang='lat' dir='ltr'>igitur</span> <span class='ocrx_word' id='word_1_108' title='bbox 1041 900 1232 931; x_wconf 79' lang='lat' dir='ltr'>sententiam</span> <span class='ocrx_word' id='word_1_109' title='bbox 1253 900 1293 932; x_wconf 88' lang='lat' dir='ltr'>de</span> <span class='ocrx_word' id='word_1_110' title='bbox 1311 901 1428 945; x_wconf 83' lang='lat' dir='ltr'>hujus—</span> 
     </span>
     <span class='ocr_line' id='line_1_13' title="bbox 81 951 1429 996; baseline 0.002 -10"><span class='ocrx_word' id='word_1_111' title='bbox 81 955 170 987; x_wconf 86' lang='lat' dir='ltr'>modi</span> <span class='ocrx_word' id='word_1_112' title='bbox 190 954 373 986; x_wconf 84' lang='lat' dir='ltr'>laesionibus</span> <span class='ocrx_word' id='word_1_113' title='bbox 400 954 485 985; x_wconf 84' lang='lat' dir='ltr'>ferre</span> <span class='ocrx_word' id='word_1_114' title='bbox 505 951 685 995; x_wconf 68' lang='lat' dir='ltr'>competit?</span> <span class='ocrx_word' id='word_1_115' title='bbox 712 952 760 983; x_wconf 79' lang='lat' dir='ltr'>Ex</span> <span class='ocrx_word' id='word_1_116' title='bbox 785 951 835 982; x_wconf 90' lang='lat' dir='ltr'>his</span> <span class='ocrx_word' id='word_1_117' title='bbox 857 963 928 995; x_wconf 83' lang='lat' dir='ltr'>quae</span> <span class='ocrx_word' id='word_1_118' title='bbox 953 952 1143 995; x_wconf 83' lang='lat' dir='ltr'>praecedunt</span> <span class='ocrx_word' id='word_1_119' title='bbox 1162 960 1267 996; x_wconf 81' lang='lat' dir='ltr'>patet:</span> <span class='ocrx_word' id='word_1_120' title='bbox 1294 955 1429 989; x_wconf 85' lang='lat' dir='ltr'>vulnera</span> 
     </span>
     <span class='ocr_line' id='line_1_14' title="bbox 81 1006 1429 1052; baseline 0.001 -11"><span class='ocrx_word' id='word_1_121' title='bbox 81 1010 139 1041; x_wconf 90' lang='lat' dir='ltr'>ista</span> <span class='ocrx_word' id='word_1_122' title='bbox 159 1020 286 1052; x_wconf 81' lang='lat' dir='ltr'>semper</span> <span class='ocrx_word' id='word_1_123' title='bbox 305 1009 433 1040; x_wconf 86' lang='lat' dir='ltr'>lethum</span> <span class='ocrx_word' id='word_1_124' title='bbox 454 1007 686 1046; x_wconf 87' lang='lat' dir='ltr'>determinare,</span> <span class='ocrx_word' id='word_1_125' title='bbox 708 1006 884 1039; x_wconf 88' lang='lat' dir='ltr'>dummodo</span> <span class='ocrx_word' id='word_1_126' title='bbox 905 1019 1013 1039; x_wconf 88' lang='lat' dir='ltr'>ramus</span> <span class='ocrx_word' id='word_1_127' title='bbox 1035 1014 1141 1039; x_wconf 89' lang='lat' dir='ltr'>sectus</span> <span class='ocrx_word' id='word_1_128' title='bbox 1158 1020 1223 1040; x_wconf 92' lang='lat' dir='ltr'>non</span> <span class='ocrx_word' id='word_1_129' title='bbox 1240 1010 1280 1040; x_wconf 91' lang='lat' dir='ltr'>sit</span> <span class='ocrx_word' id='word_1_130' title='bbox 1297 1021 1314 1041; x_wconf 93' lang='lat' dir='ltr'>e</span> <span class='ocrx_word' id='word_1_131' title='bbox 1330 1012 1429 1043; x_wconf 85' lang='lat' dir='ltr'>mini-</span> 
     </span>
     <span class='ocr_line' id='line_1_15' title="bbox 81 1060 1428 1106; baseline 0.002 -12"><span class='ocrx_word' id='word_1_132' title='bbox 81 1063 157 1094; x_wconf 89' lang='lat' dir='ltr'>mis:</span> <span class='ocrx_word' id='word_1_133' title='bbox 171 1074 340 1106; x_wconf 88' lang='lat' dir='ltr'>possumus</span> <span class='ocrx_word' id='word_1_134' title='bbox 351 1073 427 1105; x_wconf 86' lang='lat' dir='ltr'>ergo</span> <span class='ocrx_word' id='word_1_135' title='bbox 443 1073 518 1094; x_wconf 89' lang='lat' dir='ltr'>cum</span> <span class='ocrx_word' id='word_1_136' title='bbox 531 1061 670 1104; x_wconf 85' lang='lat' dir='ltr'>Metzger</span> <span class='ocrx_word' id='word_1_137' title='bbox 681 1060 729 1103; x_wconf 82' lang='lat'>(2)</span> <span class='ocrx_word' id='word_1_138' title='bbox 745 1067 777 1091; x_wconf 88' lang='lat' dir='ltr'>et</span> <span class='ocrx_word' id='word_1_139' title='bbox 788 1060 913 1092; x_wconf 90' lang='lat' dir='ltr'>Bohnio</span> <span class='ocrx_word' id='word_1_140' title='bbox 926 1061 974 1103; x_wconf 81' lang='lat'>(3)</span> <span class='ocrx_word' id='word_1_141' title='bbox 989 1068 1142 1094; x_wconf 82' lang='lat' dir='ltr'>statuere:</span> <span class='ocrx_word' id='word_1_142' title='bbox 1155 1064 1260 1094; x_wconf 88' lang='lat' dir='ltr'>omnia</span> <span class='ocrx_word' id='word_1_143' title='bbox 1278 1064 1428 1106; x_wconf 87' lang='lat' dir='ltr'>vulnera,</span> 
     </span>
     <span class='ocr_line' id='line_1_16' title="bbox 81 1114 1428 1160; baseline 0.001 -11"><span class='ocrx_word' id='word_1_144' title='bbox 81 1128 155 1160; x_wconf 89' lang='lat' dir='ltr'>quae</span> <span class='ocrx_word' id='word_1_145' title='bbox 187 1116 361 1147; x_wconf 86' lang='lat' dir='ltr'>notabilem</span> <span class='ocrx_word' id='word_1_146' title='bbox 387 1127 514 1148; x_wconf 88' lang='lat' dir='ltr'>ramum</span> <span class='ocrx_word' id='word_1_147' title='bbox 544 1115 596 1148; x_wconf 84' lang='lat' dir='ltr'>vel</span> <span class='ocrx_word' id='word_1_148' title='bbox 620 1114 745 1146; x_wconf 70' lang='lat' dir='ltr'>arteriae</span> <span class='ocrx_word' id='word_1_149' title='bbox 770 1114 823 1147; x_wconf 92' lang='lat' dir='ltr'>vel</span> <span class='ocrx_word' id='word_1_150' title='bbox 849 1126 940 1147; x_wconf 81' lang='lat' dir='ltr'>venae</span> <span class='ocrx_word' id='word_1_151' title='bbox 967 1118 1140 1147; x_wconf 76' lang='lat' dir='ltr'>coronariae</span> <span class='ocrx_word' id='word_1_152' title='bbox 1171 1117 1273 1148; x_wconf 87' lang='lat' dir='ltr'>cordis</span> <span class='ocrx_word' id='word_1_153' title='bbox 1301 1125 1428 1159; x_wconf 85' lang='lat' dir='ltr'>secant,</span> 
     </span>
     <span class='ocr_line' id='line_1_17' title="bbox 80 1168 1430 1213; baseline 0.003 -12"><span class='ocrx_word' id='word_1_154' title='bbox 80 1171 258 1202; x_wconf 76' lang='lat' dir='ltr'>necessario</span> <span class='ocrx_word' id='word_1_155' title='bbox 279 1169 410 1201; x_wconf 85' lang='lat' dir='ltr'>lethalia</span> <span class='ocrx_word' id='word_1_156' title='bbox 432 1180 515 1209; x_wconf 86' lang='lat' dir='ltr'>esse,</span> <span class='ocrx_word' id='word_1_157' title='bbox 538 1174 741 1211; x_wconf 85' lang='lat' dir='ltr'>mortemque</span> <span class='ocrx_word' id='word_1_158' title='bbox 760 1179 824 1199; x_wconf 88' lang='lat' dir='ltr'>non</span> <span class='ocrx_word' id='word_1_159' title='bbox 845 1168 978 1213; x_wconf 86' lang='lat' dir='ltr'>quidem</span> <span class='ocrx_word' id='word_1_160' title='bbox 997 1175 1195 1212; x_wconf 85' lang='lat' dir='ltr'>promptam,</span> <span class='ocrx_word' id='word_1_161' title='bbox 1217 1171 1270 1202; x_wconf 86' lang='lat' dir='ltr'>sed</span> <span class='ocrx_word' id='word_1_162' title='bbox 1291 1173 1430 1205; x_wconf 86' lang='lat' dir='ltr'>certissi—</span> 
     </span>
     <span class='ocr_line' id='line_1_18' title="bbox 80 1223 398 1267; baseline -0.006 -11"><span class='ocrx_word' id='word_1_163' title='bbox 80 1236 166 1256; x_wconf 86' lang='lat' dir='ltr'>mam</span> <span class='ocrx_word' id='word_1_164' title='bbox 194 1223 398 1267; x_wconf 87' lang='lat' dir='ltr'>portendere.</span> 
     </span>
    </p>

    <p class='ocr_par' dir='ltr' id='par_1_4' title="bbox 79 1277 1431 1975">
     <span class='ocr_line' id='line_1_19' title="bbox 125 1277 1428 1323; baseline 0.002 -13"><span class='ocrx_word' id='word_1_165' title='bbox 125 1278 222 1310; x_wconf 84' lang='lat' dir='ltr'>Nunc</span> <span class='ocrx_word' id='word_1_166' title='bbox 247 1278 286 1310; x_wconf 92' lang='lat' dir='ltr'>ad</span> <span class='ocrx_word' id='word_1_167' title='bbox 310 1278 380 1309; x_wconf 89' lang='lat' dir='ltr'>illas</span> <span class='ocrx_word' id='word_1_168' title='bbox 404 1278 549 1309; x_wconf 86' lang='lat' dir='ltr'>laesiones</span> <span class='ocrx_word' id='word_1_169' title='bbox 572 1277 763 1309; x_wconf 86' lang='lat' dir='ltr'>devenimus</span> <span class='ocrx_word' id='word_1_170' title='bbox 788 1288 860 1321; x_wconf 81' lang='lat' dir='ltr'>quae</span> <span class='ocrx_word' id='word_1_171' title='bbox 884 1277 987 1310; x_wconf 85' lang='lat' dir='ltr'>cordis</span> <span class='ocrx_word' id='word_1_172' title='bbox 1009 1277 1218 1311; x_wconf 86' lang='lat' dir='ltr'>substantiam</span> <span class='ocrx_word' id='word_1_173' title='bbox 1246 1280 1428 1323; x_wconf 86' lang='lat' dir='ltr'>perforant,</span> 
     </span>
     <span class='ocr_line' id='line_1_20' title="bbox 79 1332 1430 1377; baseline 0.004 -13"><span class='ocrx_word' id='word_1_174' title='bbox 79 1333 115 1364; x_wconf 89' lang='lat' dir='ltr'>in</span> <span class='ocrx_word' id='word_1_175' title='bbox 135 1332 205 1377; x_wconf 89' lang='lat' dir='ltr'>ejus</span> <span class='ocrx_word' id='word_1_176' title='bbox 224 1343 339 1364; x_wconf 87' lang='lat' dir='ltr'>cavum</span> <span class='ocrx_word' id='word_1_177' title='bbox 361 1337 535 1374; x_wconf 83' lang='lat' dir='ltr'>penetrant</span> <span class='ocrx_word' id='word_1_178' title='bbox 555 1337 587 1363; x_wconf 88' lang='lat' dir='ltr'>et</span> <span class='ocrx_word' id='word_1_179' title='bbox 607 1332 900 1375; x_wconf 20' lang='lat' dir='ltr'>exitumffsanguini</span> <span class='ocrx_word' id='word_1_180' title='bbox 915 1333 949 1363; x_wconf 88' lang='lat' dir='ltr'>in</span> <span class='ocrx_word' id='word_1_181' title='bbox 970 1332 1115 1364; x_wconf 86' lang='lat' dir='ltr'>Thorace</span> <span class='ocrx_word' id='word_1_182' title='bbox 1135 1333 1290 1377; x_wconf 81' lang='lat' dir='ltr'>praebent.</span> <span class='ocrx_word' id='word_1_183' title='bbox 1316 1335 1430 1375; x_wconf 87' lang='lat' dir='ltr'>Quum</span> 
     </span>
     <span class='ocr_line' id='line_1_21' title="bbox 81 1385 1429 1432; baseline 0.002 -13"><span class='ocrx_word' id='word_1_184' title='bbox 81 1399 135 1419; x_wconf 87' lang='lat' dir='ltr'>cor</span> <span class='ocrx_word' id='word_1_185' title='bbox 154 1386 310 1419; x_wconf 87' lang='lat' dir='ltr'>transfodi</span> <span class='ocrx_word' id='word_1_186' title='bbox 330 1391 473 1428; x_wconf 84' lang='lat' dir='ltr'>nequeat</span> <span class='ocrx_word' id='word_1_187' title='bbox 491 1385 611 1429; x_wconf 85' lang='lat' dir='ltr'>absque</span> <span class='ocrx_word' id='word_1_188' title='bbox 632 1397 670 1417; x_wconf 90' lang='lat' dir='ltr'>eo</span> <span class='ocrx_word' id='word_1_189' title='bbox 692 1392 730 1417; x_wconf 91' lang='lat' dir='ltr'>ut</span> <span class='ocrx_word' id='word_1_190' title='bbox 752 1387 951 1429; x_wconf 86' lang='lat' dir='ltr'>organismus</span> <span class='ocrx_word' id='word_1_191' title='bbox 973 1387 1148 1419; x_wconf 84' lang='lat' dir='ltr'>certissime</span> <span class='ocrx_word' id='word_1_192' title='bbox 1169 1395 1294 1432; x_wconf 88' lang='lat' dir='ltr'>pereat,</span> <span class='ocrx_word' id='word_1_193' title='bbox 1318 1401 1429 1422; x_wconf 90' lang='lat' dir='ltr'>omnes</span> 
     </span>
     <span class='ocr_line' id='line_1_22' title="bbox 80 1438 1431 1483; baseline 0.003 -10"><span class='ocrx_word' id='word_1_194' title='bbox 80 1446 228 1473; x_wconf 81' lang='lat' dir='ltr'>auctores</span> <span class='ocrx_word' id='word_1_195' title='bbox 249 1439 427 1471; x_wconf 86' lang='lat' dir='ltr'>admittunt</span> <span class='ocrx_word' id='word_1_196' title='bbox 447 1438 583 1483; x_wconf 90' lang='lat' dir='ltr'>hujusce</span> <span class='ocrx_word' id='word_1_197' title='bbox 606 1440 717 1483; x_wconf 84' lang='lat' dir='ltr'>organi</span> <span class='ocrx_word' id='word_1_198' title='bbox 738 1440 874 1472; x_wconf 84' lang='lat' dir='ltr'>vulnera</span> <span class='ocrx_word' id='word_1_199' title='bbox 893 1440 1023 1472; x_wconf 86' lang='lat' dir='ltr'>lethalia</span> <span class='ocrx_word' id='word_1_200' title='bbox 1045 1452 1112 1473; x_wconf 87' lang='lat' dir='ltr'>esse</span> <span class='ocrx_word' id='word_1_201' title='bbox 1133 1453 1171 1474; x_wconf 79' lang='lat' dir='ltr'>ex</span> <span class='ocrx_word' id='word_1_202' title='bbox 1193 1444 1381 1476; x_wconf 86' lang='lat' dir='ltr'>necessitate</span> <span class='ocrx_word' id='word_1_203' title='bbox 1397 1452 1431 1477; x_wconf 88' lang='lat' dir='ltr'>et</span> 
     </span>
     <span class='ocr_line' id='line_1_23' title="bbox 82 1494 1430 1539; baseline 0.004 -13"><span class='ocrx_word' id='word_1_204' title='bbox 82 1494 207 1528; x_wconf 84' lang='lat' dir='ltr'>nullam</span> <span class='ocrx_word' id='word_1_205' title='bbox 227 1494 399 1525; x_wconf 88' lang='lat' dir='ltr'>sanationis</span> <span class='ocrx_word' id='word_1_206' title='bbox 423 1504 512 1537; x_wconf 86' lang='lat' dir='ltr'>spem</span> <span class='ocrx_word' id='word_1_207' title='bbox 529 1494 715 1526; x_wconf 87' lang='lat' dir='ltr'>admittere:</span> <span class='ocrx_word' id='word_1_208' title='bbox 732 1500 764 1526; x_wconf 85' lang='lat' dir='ltr'>et</span> <span class='ocrx_word' id='word_1_209' title='bbox 783 1496 947 1527; x_wconf 87' lang='lat' dir='ltr'>enimvero</span> <span class='ocrx_word' id='word_1_210' title='bbox 965 1495 1161 1539; x_wconf 84' lang='lat' dir='ltr'>physiologia</span> <span class='ocrx_word' id='word_1_211' title='bbox 1177 1508 1234 1528; x_wconf 92' lang='lat' dir='ltr'>nos</span> <span class='ocrx_word' id='word_1_212' title='bbox 1250 1497 1359 1539; x_wconf 84' lang='lat' dir='ltr'>docet,</span> <span class='ocrx_word' id='word_1_213' title='bbox 1376 1511 1430 1531; x_wconf 89' lang='lat' dir='ltr'>cor</span> 
     </span>
     <span class='ocr_line' id='line_1_24' title="bbox 84 1547 1430 1593; baseline 0.004 -15"><span class='ocrx_word' id='word_1_214' title='bbox 84 1547 300 1579; x_wconf 86' lang='lat' dir='ltr'>circulationis</span> <span class='ocrx_word' id='word_1_215' title='bbox 320 1553 469 1580; x_wconf 85' lang='lat' dir='ltr'>centrum</span> <span class='ocrx_word' id='word_1_216' title='bbox 490 1559 570 1589; x_wconf 90' lang='lat' dir='ltr'>esse,</span> <span class='ocrx_word' id='word_1_217' title='bbox 587 1548 736 1593; x_wconf 87' lang='lat' dir='ltr'>illudque</span> <span class='ocrx_word' id='word_1_218' title='bbox 757 1561 915 1593; x_wconf 86' lang='lat' dir='ltr'>organum</span> <span class='ocrx_word' id='word_1_219' title='bbox 936 1561 1065 1582; x_wconf 89' lang='lat' dir='ltr'>omnem</span> <span class='ocrx_word' id='word_1_220' title='bbox 1089 1550 1128 1582; x_wconf 87' lang='lat' dir='ltr'>ab</span> <span class='ocrx_word' id='word_1_221' title='bbox 1149 1552 1299 1584; x_wconf 71' lang='lat' dir='ltr'>universa</span> <span class='ocrx_word' id='word_1_222' title='bbox 1321 1553 1430 1585; x_wconf 88' lang='lat' dir='ltr'>OEco—</span> 
     </span>
     <span class='ocr_line' id='line_1_25' title="bbox 83 1600 1431 1649; baseline 0.006 -18"><span class='ocrx_word' id='word_1_223' title='bbox 83 1600 192 1632; x_wconf 69' lang='lat' dir='ltr'>nomia</span> <span class='ocrx_word' id='word_1_224' title='bbox 222 1600 459 1643; x_wconf 81' lang='lat' dir='ltr'>regredientem</span> <span class='ocrx_word' id='word_1_225' title='bbox 487 1603 678 1645; x_wconf 87' lang='lat' dir='ltr'>sanguinem</span> <span class='ocrx_word' id='word_1_226' title='bbox 707 1603 872 1646; x_wconf 89' lang='lat' dir='ltr'>recipere,</span> <span class='ocrx_word' id='word_1_227' title='bbox 903 1603 943 1635; x_wconf 89' lang='lat' dir='ltr'>ad</span> <span class='ocrx_word' id='word_1_228' title='bbox 969 1604 1139 1646; x_wconf 88' lang='lat' dir='ltr'>pulmones</span> <span class='ocrx_word' id='word_1_229' title='bbox 1166 1606 1367 1649; x_wconf 87' lang='lat' dir='ltr'>propellere,</span> <span class='ocrx_word' id='word_1_230' title='bbox 1398 1614 1431 1639; x_wconf 90' lang='lat' dir='ltr'>et</span> 
     </span>
     <span class='ocr_line' id='line_1_26' title="bbox 83 1653 1431 1704; baseline 0.005 -18"><span class='ocrx_word' id='word_1_231' title='bbox 83 1655 203 1686; x_wconf 86' lang='lat' dir='ltr'>iterum</span> <span class='ocrx_word' id='word_1_232' title='bbox 220 1665 237 1685; x_wconf 85' lang='lat' dir='ltr'>a</span> <span class='ocrx_word' id='word_1_233' title='bbox 253 1653 462 1697; x_wconf 88' lang='lat' dir='ltr'>pulmonibus</span> <span class='ocrx_word' id='word_1_234' title='bbox 477 1662 644 1699; x_wconf 86' lang='lat' dir='ltr'>receptum</span> <span class='ocrx_word' id='word_1_235' title='bbox 662 1657 868 1690; x_wconf 79' lang='lat' dir='ltr'>OEconomiae</span> <span class='ocrx_word' id='word_1_236' title='bbox 884 1658 1014 1691; x_wconf 87' lang='lat' dir='ltr'>animali</span> <span class='ocrx_word' id='word_1_237' title='bbox 1030 1659 1197 1702; x_wconf 86' lang='lat' dir='ltr'>dispertire</span> <span class='ocrx_word' id='word_1_238' title='bbox 1210 1666 1307 1704; x_wconf 89' lang='lat' dir='ltr'>atque</span> <span class='ocrx_word' id='word_1_239' title='bbox 1322 1661 1431 1694; x_wconf 90' lang='lat' dir='ltr'>distri-</span> 
     </span>
     <span class='ocr_line' id='line_1_27' title="bbox 82 1707 1431 1755; baseline 0.006 -15"><span class='ocrx_word' id='word_1_240' title='bbox 82 1707 201 1749; x_wconf 74' lang='lat' dir='ltr'>buere,</span> <span class='ocrx_word' id='word_1_241' title='bbox 225 1719 328 1751; x_wconf 86' lang='lat' dir='ltr'>quum</span> <span class='ocrx_word' id='word_1_242' title='bbox 351 1719 440 1740; x_wconf 88' lang='lat' dir='ltr'>nunc</span> <span class='ocrx_word' id='word_1_243' title='bbox 459 1709 523 1742; x_wconf 84' lang='lat' dir='ltr'>vita</span> <span class='ocrx_word' id='word_1_244' title='bbox 546 1710 726 1753; x_wconf 89' lang='lat' dir='ltr'>dependeat</span> <span class='ocrx_word' id='word_1_245' title='bbox 748 1711 787 1742; x_wconf 90' lang='lat' dir='ltr'>ab</span> <span class='ocrx_word' id='word_1_246' title='bbox 811 1711 878 1755; x_wconf 66' lang='lat' dir='ltr'>ipsa</span> <span class='ocrx_word' id='word_1_247' title='bbox 901 1712 1058 1744; x_wconf 79' lang='lat' dir='ltr'>existente</span> <span class='ocrx_word' id='word_1_248' title='bbox 1079 1719 1112 1744; x_wconf 90' lang='lat' dir='ltr'>et</span> <span class='ocrx_word' id='word_1_249' title='bbox 1136 1720 1301 1747; x_wconf 85' lang='lat' dir='ltr'>constante</span> <span class='ocrx_word' id='word_1_250' title='bbox 1323 1716 1431 1748; x_wconf 89' lang='lat' dir='ltr'>circu—</span> 
     </span>
     <span class='ocr_line' id='line_1_28' title="bbox 82 1761 1431 1808; baseline 0.007 -15"><span class='ocrx_word' id='word_1_251' title='bbox 82 1761 203 1794; x_wconf 87' lang='lat' dir='ltr'>latione</span> <span class='ocrx_word' id='word_1_252' title='bbox 231 1761 426 1802; x_wconf 85' lang='lat' dir='ltr'>humorum,</span> <span class='ocrx_word' id='word_1_253' title='bbox 458 1774 516 1807; x_wconf 91' lang='lat' dir='ltr'>per</span> <span class='ocrx_word' id='word_1_254' title='bbox 541 1775 573 1795; x_wconf 93' lang='lat' dir='ltr'>se</span> <span class='ocrx_word' id='word_1_255' title='bbox 598 1770 687 1808; x_wconf 89' lang='lat' dir='ltr'>patet</span> <span class='ocrx_word' id='word_1_256' title='bbox 714 1771 850 1796; x_wconf 88' lang='lat' dir='ltr'>mortem</span> <span class='ocrx_word' id='word_1_257' title='bbox 880 1767 1090 1800; x_wconf 88' lang='lat' dir='ltr'>necessariam</span> <span class='ocrx_word' id='word_1_258' title='bbox 1115 1767 1288 1800; x_wconf 86' lang='lat' dir='ltr'>succedere</span> <span class='ocrx_word' id='word_1_259' title='bbox 1314 1769 1431 1802; x_wconf 88' lang='lat' dir='ltr'>debere</span> 
     </span>
     <span class='ocr_line' id='line_1_29' title="bbox 82 1815 1429 1863; baseline 0.007 -17"><span class='ocrx_word' id='word_1_260' title='bbox 82 1815 183 1861; x_wconf 88' lang='lat' dir='ltr'>hujus</span> <span class='ocrx_word' id='word_1_261' title='bbox 211 1817 453 1860; x_wconf 89' lang='lat' dir='ltr'>interruptioni.</span> <span class='ocrx_word' id='word_1_262' title='bbox 482 1817 552 1850; x_wconf 88' lang='lat' dir='ltr'>Illic</span> <span class='ocrx_word' id='word_1_263' title='bbox 583 1819 841 1863; x_wconf 88' lang='lat' dir='ltr'>perquirendum</span> <span class='ocrx_word' id='word_1_264' title='bbox 868 1825 916 1851; x_wconf 91' lang='lat' dir='ltr'>est</span> <span class='ocrx_word' id='word_1_265' title='bbox 943 1831 1023 1852; x_wconf 85' lang='lat' dir='ltr'>num</span> <span class='ocrx_word' id='word_1_266' title='bbox 1055 1820 1290 1854; x_wconf 88' lang='lat' dir='ltr'>observationes</span> <span class='ocrx_word' id='word_1_267' title='bbox 1318 1834 1429 1857; x_wconf 88' lang='lat' dir='ltr'>revera</span> 
     </span>
     <span class='ocr_line' id='line_1_30' title="bbox 82 1868 1430 1919; baseline 0.007 -18"><span class='ocrx_word' id='word_1_268' title='bbox 82 1868 167 1902; x_wconf 88' lang='lat' dir='ltr'>hanc</span> <span class='ocrx_word' id='word_1_269' title='bbox 182 1870 432 1914; x_wconf 85' lang='lat' dir='ltr'>physiologicam</span> <span class='ocrx_word' id='word_1_270' title='bbox 449 1872 596 1916; x_wconf 85' lang='lat' dir='ltr'>regulam</span> <span class='ocrx_word' id='word_1_271' title='bbox 612 1885 678 1905; x_wconf 90' lang='lat' dir='ltr'>non</span> <span class='ocrx_word' id='word_1_272' title='bbox 697 1874 855 1919; x_wconf 88' lang='lat' dir='ltr'>rejiciant.</span> <span class='ocrx_word' id='word_1_273' title='bbox 878 1874 979 1906; x_wconf 87' lang='lat' dir='ltr'>Multa</span> <span class='ocrx_word' id='word_1_274' title='bbox 994 1874 1126 1917; x_wconf 87' lang='lat' dir='ltr'>quidem</span> <span class='ocrx_word' id='word_1_275' title='bbox 1143 1881 1175 1906; x_wconf 90' lang='lat' dir='ltr'>et</span> <span class='ocrx_word' id='word_1_276' title='bbox 1191 1877 1335 1909; x_wconf 87' lang='lat' dir='ltr'>miranda</span> <span class='ocrx_word' id='word_1_277' title='bbox 1353 1890 1430 1910; x_wconf 85' lang='lat' dir='ltr'>nar-</span> 
     </span>
     <span class='ocr_line' id='line_1_31' title="bbox 83 1924 1427 1975; baseline 0.006 -20"><span class='ocrx_word' id='word_1_278' title='bbox 83 1929 197 1957; x_wconf 85' lang='lat' dir='ltr'>rantur</span> <span class='ocrx_word' id='word_1_279' title='bbox 222 1924 262 1956; x_wconf 90' lang='lat' dir='ltr'>de</span> <span class='ocrx_word' id='word_1_280' title='bbox 284 1924 475 1958; x_wconf 86' lang='lat' dir='ltr'>vulneribus</span> <span class='ocrx_word' id='word_1_281' title='bbox 500 1927 602 1959; x_wconf 88' lang='lat' dir='ltr'>cordis</span> <span class='ocrx_word' id='word_1_282' title='bbox 624 1928 711 1972; x_wconf 89' lang='lat' dir='ltr'>apud</span> <span class='ocrx_word' id='word_1_283' title='bbox 738 1929 911 1961; x_wconf 81' lang='lat' dir='ltr'>animantia</span> <span class='ocrx_word' id='word_1_284' title='bbox 934 1929 1067 1960; x_wconf 84' lang='lat' dir='ltr'>curatis:</span> <span class='ocrx_word' id='word_1_285' title='bbox 1093 1928 1231 1961; x_wconf 87' lang='lat' dir='ltr'>fuerunt</span> <span class='ocrx_word' id='word_1_286' title='bbox 1256 1942 1374 1975; x_wconf 88' lang='lat' dir='ltr'>nempe</span> <span class='ocrx_word' id='word_1_287' title='bbox 1394 1933 1427 1963; x_wconf 92' lang='lat' dir='ltr'>in</span> 
     </span>
    </p>
   </div>
   <div class='ocr_carea' id='block_1_3' title="bbox 93 2000 1428 2012">
    <p class='ocr_par' dir='ltr' id='par_1_5' title="bbox 93 2000 1428 2012">
     <span class='ocr_line' id='line_1_32' title="bbox 93 2000 1428 2012; baseline 0 608"><span class='ocrx_word' id='word_1_288' title='bbox 93 2000 1428 2012; x_wconf 95' lang='lat' dir='ltr'> </span> 
     </span>
    </p>
   </div>
   <div class='ocr_carea' id='block_1_4' title="bbox 145 2040 533 2152">
    <p class='ocr_par' dir='ltr' id='par_1_6' title="bbox 145 2040 533 2152">
     <span class='ocr_line' id='line_1_33' title="bbox 145 2040 533 2074; baseline 0.013 -12"><span class='ocrx_word' id='word_1_289' title='bbox 145 2040 287 2071; x_wconf 73' lang='lat' dir='ltr'>(1)Nosog.</span> <span class='ocrx_word' id='word_1_290' title='bbox 310 2041 373 2063; x_wconf 86' lang='lat' dir='ltr'>chir.</span> <span class='ocrx_word' id='word_1_291' title='bbox 386 2059 391 2069; x_wconf 83' lang='lat'>‚</span> <span class='ocrx_word' id='word_1_292' title='bbox 412 2042 533 2074; x_wconf 47' lang='lat' dir='ltr'>chapsli.</span> 
     </span>
     <span class='ocr_line' id='line_1_34' title="bbox 146 2080 466 2112; baseline 0.009 -10"><span class='ocrx_word' id='word_1_293' title='bbox 146 2080 179 2109; x_wconf 85' lang='lat'>(2)</span> <span class='ocrx_word' id='word_1_294' title='bbox 196 2080 313 2111; x_wconf 84' lang='lat' dir='ltr'>Metzger‚</span> <span class='ocrx_word' id='word_1_295' title='bbox 334 2088 392 2112; x_wconf 83' lang='lat' dir='ltr'>pag.</span> <span class='ocrx_word' id='word_1_296' title='bbox 412 2082 466 2105; x_wconf 81' lang='lat'>158.</span> 
     </span>
     <span class='ocr_line' id='line_1_35' title="bbox 146 2120 464 2152; baseline 0.006 -9"><span class='ocrx_word' id='word_1_297' title='bbox 146 2120 179 2150; x_wconf 86' lang='lat'>(3)</span> <span class='ocrx_word' id='word_1_298' title='bbox 197 2120 320 2150; x_wconf 84' lang='lat' dir='ltr'>Bohuius,</span> <span class='ocrx_word' id='word_1_299' title='bbox 340 2128 396 2152; x_wconf 80' lang='lat' dir='ltr'>pag.</span> <span class='ocrx_word' id='word_1_300' title='bbox 412 2122 464 2145; x_wconf 75' lang='lat'>253.</span> 
     </span>
    </p>
   </div>
  </div>
 </body>
</html>
