1747 2620
887 265 1003 308 (28)

286 344 318 370 et
341 350 398 381 per
428 345 550 370 motum
575 339 701 371 huncce
728 345 871 371 sternum
897 339 1125 371 retrotrahunt.
1155 340 1203 371 De
1229 340 1278 372 his
1301 339 1438 372 motibus
1459 351 1608 384 agemus,

285 403 408 434 quum,
435 399 559 435 peracta
592 393 809 424 musculorum
841 392 1014 423 functionis
1044 393 1255 435 expositione,
1287 393 1327 424 de
1357 399 1447 425 motu
1474 395 1610 436 pectoris

284 445 475 488 generaliter
505 445 684 488 loquemur.
730 447 879 476 Sternum
910 447 1008 477 instar
1039 446 1142 488 clypei
1172 445 1211 477 ad
1238 446 1428 477 anteriorem
1458 447 1609 478 Thoracis

283 504 407 540 partem
426 499 538 538 situm,
560 500 658 540 ipsius
678 509 868 542 organorum
890 500 1119 530 conservationi
1139 505 1234 542 atque
1256 500 1363 532 tutelae
1383 501 1538 543 invigilat.
1561 501 1609 532 Ex

282 551 332 581 his
356 563 427 593 qua:
448 551 511 594 jam
531 551 613 582 dicta
640 551 775 583 fuerunt
799 551 907 583 videre
932 563 1099 594 possumus
1122 552 1272 584 Thoracis
1293 564 1411 585 osseam
1432 553 1553 596 galeam
1574 554 1608 584 in

283 605 473 636 continuum
495 610 592 647 atque
612 610 807 648 perpetuum
828 611 951 637 motum
971 607 1101 639 versari.

588 717 612 760 g
646 717 690 748 II.
737 729 777 748 DE
813 729 1054 750 MUSCULORUM
1086 729 1299 750 FUNCTlONE.

326 821 464 853 Musculi
489 833 597 854 omnes
622 823 772 854 Thoracis
795 824 827 855 id
853 825 994 855 muneris
1016 823 1153 864 habent,
1182 831 1220 856 ut
1246 824 1366 856 scilicet
1395 824 1611 867 respirationis

280 877 444 917 negotium
473 876 671 918 producant,
708 887 848 919 cumque
875 879 908 908 in
937 877 1033 908 hacce
1063 878 1229 909 functione
1259 877 1379 920 duplex
1407 877 1612 909 observamus

280 935 497 968 momentum,
519 929 760 971 Inspirationem
783 930 903 961 scilicet
921 936 1017 972 atque
1037 932 1292 973 Expirationem,
1314 931 1476 974 duplicem
1497 931 1608 963 itidem

281 982 500 1014 musculorum
525 985 682 1014 actionem
704 983 856 1015 debemus
880 983 1074 1023 describere,
1104 989 1137 1014 et
1155 984 1199 1014 sic
1218 984 1348 1026 quidem
1368 983 1537 1026 perhibere
1554 996 1608 1015 ac·-

280 1036 400 1066 tionem
423 1035 642 1068 musculorum
666 1037 864 1079 inspirationi
886 1037 1081 1080 illorumque
1101 1038 1291 1080 expirationi
1311 1038 1566 1069 inservientium.

322 1089 489 1131 Inspiratio
508 1089 589 1120 illud
608 1096 654 1120 est
674 1091 888 1132 respirationis
907 1096 1106 1121 momentum
1123 1101 1187 1133 quo
1205 1090 1322 1122 cavitas
1342 1090 1493 1121 Thoracis
1505 1089 1608 1134 majo—

279 1151 347 1171 rem
371 1142 508 1184 acquirit
528 1141 791 1184 amplitudinem:
815 1143 849 1174 in
871 1144 925 1174 illo
951 1150 1013 1175 tres
1036 1144 1152 1186 gradus
1177 1155 1345 1187 possumus
1366 1143 1548 1184 observare,
1573 1145 1608 1176 in

279 1195 383 1237 primo
408 1195 458 1226 vel
479 1196 512 1226 in
537 1196 675 1227 naturali
700 1197 922 1239 inspiratione,
944 1198 1047 1229 solum
1069 1197 1137 1228 fere
1156 1197 1374 1240 diaphragma,
1403 1197 1500 1228 nullis
1520 1209 1608 1229 mus-

280 1247 360 1278 culis
376 1247 443 1278 aliis
460 1247 605 1291 adjutum
615 1272 623 1287 ‚
639 1249 704 1291 agit
718 1255 750 1280 et
768 1250 913 1292 sequenti
930 1250 1022 1280 modo
1035 1250 1185 1280 Thoracis
1200 1249 1361 1292 ampliatio
1374 1249 1481 1280 locum
1498 1249 1607 1281 habet:

279 1300 418 1332 vidimus
438 1301 527 1344 (pag.
550 1301 609 1343 10)
635 1302 839 1344 diaphragma
862 1314 970 1335 versus
989 1303 1164 1334 Thoracem
1185 1313 1364 1334 convexum
1382 1313 1462 1342 esse3
1481 1303 1506 1333 si
1522 1302 1608 1334 fibrae

280 1354 378 1395 ipsius
402 1354 545 1385 laterales
575 1356 809 1388 contrahuntur
831 1356 1012 1388 convexitas
1038 1355 1091 1386 illa
1119 1355 1257 1397 disparet
1281 1360 1312 1385 et
1339 1355 1374 1385 fit
1400 1354 1607 1397 diaphragma

279 1407 428 1448 planum,
454 1409 530 1450 quin
553 1409 617 1439 imo
639 1420 692 1449 eo,
712 1421 775 1452 quo
800 1410 932 1451 planum
950 1410 1001 1448 fit,
1018 1415 1180 1440 momento
1199 1409 1233 1439 in
1248 1407 1403 1439 abdomen
1426 1408 1606 1447 descendit,

278 1461 386 1502 sicque
404 1460 531 1504 jamjam
553 1473 665 1504 magua
680 1473 715 1493 ea
731 1469 820 1505 parte
840 1462 1016 1493 Thoracem
1034 1461 1214 1504 ampliavit,
1234 1461 1432 1503 potissimum
1452 1460 1490 1492 ad
1506 1460 1605 1492 latera

279 1513 394 1555 quibus
418 1515 539 1555 precise
559 1515 760 1557 recipiuntur
785 1516 977 1557 pulmonum
997 1514 1078 1553 lobi3
1102 1514 1171 1544 haec
1191 1513 1353 1556 ampliatio
1374 1513 1474 1557 major
1501 1513 1606 1545 adhuc

278 1566 314 1596 fit
334 1566 593 1598 contrahentibus
615 1579 680 1599 sese
703 1569 801 1610 ipsius
825 1566 984 1598 cruribus:
1009 1566 1078 1598 haec
1093 1566 1212 1597 scilicet
1232 1566 1291 1597 sub
1312 1567 1527 1597 contractione
1549 1566 1606 1598 sua⁴

279 1625 425 1650 centrum
443 1620 633 1662 phrenicum
653 1621 803 1652 inferiora
821 1626 853 1651 et
867 1621 1038 1663 posteriora
1061 1630 1169 1651 versus
1187 1618 1334 1658 trahunt,
1356 1619 1464 1662 sicque
1484 1619 1606 1662 aliquid

279 1672 384 1703 denuo
409 1674 500 1715 spatii
529 1674 725 1705 conceditur.
751 1675 787 1704 In
812 1673 952 1705 secundo
979 1673 1192 1716 inspirationis
1218 1672 1340 1715 gradu,
1368 1684 1433 1703 non
1462 1679 1606 1704 tantum-

277 1726 370 1756 modo
393 1726 598 1769 diaphragma
620 1727 674 1758 sed
696 1727 790 1758 simul
811 1739 885 1758 cum
909 1738 946 1758 eo
970 1733 1071 1770 agunt
1098 1732 1130 1757 et
1150 1725 1365 1757 intercostales
1387 1731 1419 1755 et
1439 1736 1606 1768 supracos-

278 1779 373 1819 tales,
398 1791 462 1810 non
484 1786 608 1812 tantum
630 1792 767 1811 vacuum
791 1781 827 1811 fit
850 1782 883 1811 in
904 1780 1046 1811 inferiori
1067 1785 1174 1822 parte,
1200 1790 1313 1811 verum
1335 1779 1430 1809 etiam
1451 1779 1484 1809 in
1507 1790 1606 1822 supe-

277 1833 359 1862 riore
384 1833 529 1874 sequenti
551 1833 660 1864 modo:
684 1833 818 1865 elevatio
845 1839 1002 1864 costarum
1029 1834 1064 1863 fit
1084 1843 1143 1875 ope
1169 1831 1430 1874 supracostalium
1449 1838 1481 1863 et
1502 1833 1604 1864 inter-

278 1885 441 1916 costalium
458 1886 693 1926 musculorum,
709 1898 847 1929 quorum
863 1886 926 1928 jam
943 1887 1062 1917 mentio
1081 1886 1163 1916 facta
1182 1891 1228 1916 est
1246 1895 1317 1927 pag.
1339 1886 1359 1916 8
1378 1890 1410 1916 et
1424 1881 1462 1916 95
1483 1886 1603 1928 priores

277 1937 397 1968 scilicet
421 1938 518 1969 altero
539 1950 595 1970 suo
623 1945 765 1970 extremo
789 1938 1002 1982 apophysibus
1025 1938 1244 1971 vertebrarum
1267 1938 1466 1978 transversis,
1489 1938 1602 1970 cedere

277 1992 403 2030 nesciis,
430 1992 519 2022 infixi
540 2003 666 2023 omnem
687 2003 777 2023 suam
799 1993 864 2024 vim
885 1992 919 2022 in
949 1997 1046 2023 costas
1067 1990 1184 2022 dehent
1203 2001 1350 2031 exerere,
1375 2001 1452 2033 quas
1475 2002 1600 2022 sursum

278 2050 310 2076 et
328 2050 504 2076 extrorsum
526 2047 673 2086 trahunt,
700 2051 732 2077 et
752 2046 797 2077 sic
824 2044 1016 2077 diametrum
1037 2050 1246 2078 transversam
1271 2044 1416 2087 pectoris
1429 2044 1600 2087 adaugent.
