1747 2620
708 245 800 290 (5)

86 396 147 407 w
151 380 1419 406 mmmmwmmmmwmwmwmmmw

445 506 1064 553 INTRODUGTIO.

132 781 158 811 Ι.
192 780 211 811 J
215 779 281 812 uris
302 783 480 822 praecepta,
504 782 575 807 tum
596 785 637 806 ex
655 771 779 804 ratione
798 769 862 801 sola
883 769 1044 813 profecta,
1066 773 1137 800 tum
1154 766 1326 799 hominum
1344 763 1431 796 arbi-

92 835 151 866 trio
169 834 356 872 constituta,
380 831 420 863 ad
439 841 549 862 omnes
572 827 737 872 pertinent
758 825 832 857 vitae
854 823 1035 855 communis
1054 833 1111 853 seu
1131 821 1253 853 socialis
1274 819 1433 851 conditio-

90 899 161 928 nes,
182 899 261 931 quas
280 886 411 930 quidem
430 885 492 916 hoc
510 887 658 926 respectu
678 880 718 912 ad
734 886 798 911 tres
814 879 1014 921 potissimum
1031 887 1181 910 revocare
1200 876 1355 907 usitatum
1371 879 1433 913 est,

91 941 179 973 unde
201 941 339 971 solennis
360 939 415 970 illa
435 938 514 981 juris
534 936 686 967 doetrinae
707 934 741 963 in
763 938 826 962 tres
842 937 948 974 partes
968 930 1098 970 divisio,
1122 941 1260 973 quarum
1279 940 1344 960 una
1365 927 1435 971 pri-

91 1000 240 1027 vatorum
258 994 343 1023 inter
364 1002 413 1030 se,
432 990 530 1020 altera
551 988 687 1021 civitatis
706 987 910 1028 civiumque,
927 986 1020 1016 tertia
1035 986 1182 1028 gentium
1203 983 1274 1028 jura
1290 982 1434 1025 exponit.

137 1046 260 1077 Verum
283 1056 300 1075 a
319 1044 391 1087 jure
412 1041 633 1084 illo-publico,
656 1039 742 1082 quod
763 1039 937 1070 secundam
959 1039 1050 1082 quasi
1070 1037 1170 1082 hujus
1189 1037 1287 1069 studii
1304 1036 1436 1079 positio-

93 1109 167 1129 nem
195 1097 378 1135 constituit,
409 1095 519 1137 plures
546 1094 611 1124 Jas
644 1093 939 1134 Cosmopoliticam
963 1092 1155 1132 distinxere,
1187 1103 1251 1134 quo
1272 1090 1436 1134 peculiare

94 1150 224 1194 aliquod
246 1150 325 1192 juris
350 1154 448 1192 caput
469 1147 667 1190 significant,
694 1145 788 1190 cujus
814 1146 976 1191 objectum
1003 1147 1037 1178 in
1059 1146 1214 1178 relatione
1235 1146 1438 1189 privatorum

95 1216 171 1236 cum
192 1204 337 1243 civitate,
361 1201 454 1246 cujus
473 1201 549 1233 socii
568 1212 633 1232 non
654 1207 746 1241 sunt,
767 1201 915 1232 consistat
935 1200 995 1244 (1).

137 1279 177 1310 II.
212 1279 295 1318 Quae
315 1277 447 1321 quidem
467 1276 625 1307 sententia
643 1274 749 1318 prima
769 1275 876 1306 fronte
896 1286 948 1307 me
963 1286 1094 1319 quoque
1110 1274 1249 1318 quadam
1271 1273 1439 1317 completae

95 1340 129 1365 et
154 1333 303 1364 omnibus
327 1332 472 1364 numeris
500 1330 653 1362 absolutae
677 1329 841 1360 divisionis
869 1329 975 1372 specie
1002 1329 1183 1372 deceperat.
1220 1328 1345 1360 Verum
1369 1338 1440 1359 rem

95 1387 277 1419 accuratius
295 1385 496 1429 inspicienti,
522 1395 598 1427 quae
622 1384 726 1426 primo
745 1389 878 1427 aspectu
896 1384 929 1415 in
950 1395 1046 1416 usum
1069 1383 1286 1415 convertenda
1307 1381 1441 1415 videba-

68 1456 76 1463 ·
97 1447 168 1481 tur,
193 1440 256 1485 jam
278 1451 320 1471 ne
341 1439 473 1482 quidem
494 1438 534 1470 ad
555 1439 711 1470 rationem
734 1439 878 1471 revocari
899 1449 988 1481 posse
1007 1438 1168 1481 apparuit.
1193 1437 1325 1479 Quippe
1341 1435 1441 1466 intel—

98 1494 180 1534 lexi,
192 1494 387 1538 singularem
404 1505 441 1524 ac
454 1493 636 1525 distinctam
647 1492 836 1524 relationem
852 1492 989 1523 civitatis
1004 1490 1170 1534 cujusdam
1189 1501 1264 1521 cum
1281 1489 1441 1520 extraneis

100 1549 228 1591 proprie
247 1548 371 1580 nullam
393 1559 470 1579 esse.
510 1547 628 1579 Civitas
648 1547 756 1587 enim,
781 1552 949 1589 quatenus
972 1546 1096 1576 civi-tas
1118 1550 1190 1581 est,
1216 1543 1344 1574 nonnisi
1365 1554 1440 1584 erga

101 1602 258 1646 subjectos
272 1614 345 1633 suos
365 1602 481 1633 aliasve
498 1607 607 1644 gentes
625 1600 781 1643 peculiari
799 1599 871 1644 jure
887 1599 956 1642 regi
973 1604 1088 1641 potest.
1111 1598 1318 1640 Quapropter
1334 1607 1442 1639 neque

101 1655 263 1698 peculiare
285 1655 414 1698 aliquod
437 1654 516 1698 juris
537 1654 689 1685 doctrinae
710 1659 822 1697 caput,
849 1652 938 1696 quod
957 1658 1102 1685 versetur
1121 1652 1155 1682 in
1174 1650 1372 1694 exponendis
1388 1649 1443 1694 ju-

102 1709 190 1741 ribus
213 1710 348 1742 civitatis
369 1709 697 1752 peregrinorumque,
723 1707 898 1750 excogitari
917 1712 1038 1750 potest,
1059 1705 1114 1737 sed
1135 1704 1221 1748 ejuS,
1244 1704 1331 1747 quod
1348 1704 1443 1747 poni-

103 1768 178 1802 tur,
198 1762 376 1806 objectum,
399 1763 450 1794 vel
471 1762 510 1793 ad
530 1762 716 1805 publicum,
739 1762 794 1810 vel
811 1761 850 1793 ad
872 1761 1018 1804 gentium
1040 1759 1090 1803 jus
1110 1764 1243 1802 spectat.
1274 1757 1323 1789 Ad
1342 1757 1441 1796 illud,

105 1821 262 1858 quatenus
282 1817 426 1847 extranei
448 1815 517 1861 jura
538 1815 758 1859 explicantur,
785 1827 850 1847 non
875 1821 913 1847 ut
933 1814 1043 1858 patriis
1063 1818 1190 1844 tantum
1216 1811 1341 1855 legibus
1365 1811 1443 1843 sub-

105 1870 207 1909 missi,
226 1870 279 1901 sed
298 1876 461 1913 tamquam
483 1871 619 1903 civitatis
637 1870 822 1914 cujusdam,
842 1869 935 1913 cujus
949 1868 1091 1900 societati
1110 1866 1249 1910 politicae
1265 1866 1444 1909 adscriptus

106 1929 217 1954 tamen
236 1935 300 1954 non
320 1930 381 1964 est,
404 1924 491 1957 civili
511 1924 647 1967 imperio
668 1923 799 1955 subditi.
827 1923 877 1955 Ad
898 1922 949 1966 jus
969 1921 1132 1965 gentium,
1154 1926 1315 1964 quatenus
1335 1926 1443 1952 extra-

149 2037 193 2065 (ι)
211 2036 292 2064 Kant,
303 2036 421 2059 elementa
432 2037 539 2067 metaph.
552 2037 612 2066 iuris
626 2037 757 2063 doetrinae,
769 2036 781 2066 §
794 2036 831 2059 62.
843 2036 979 2067 Zachaniae‚
994 2035 1144 2060 naturliches
1156 2035 1323 2064 Pri-vatrecht,
1336 2042 1391 2066 pag.
1404 2036 1441 2058 43.

104 2075 142 2099 Cf.
164 2076 254 2104 Bauer,
275 2076 404 2100 Lehrbuch
420 2077 460 2100 des
475 2077 644 2100 Naturrechts.
665 2077 793 2108 Marburg,
815 2077 881 2100 18²6.
