1747 2620
902 276 1016 320 (92)

294 351 488 383 revocanda:
518 351 641 384 Cardan
662 352 710 395 (1)
733 352 841 383 asserit
859 363 925 383 sese
945 351 1105 382 adstetisse
1122 350 1314 394 operationi,
1336 350 1399 394 qua
1418 350 1548 382 Antonii
1567 362 1627 383 cu-

291 406 414 450 jusdam
436 407 553 450 Algiati
569 408 671 450 portio
691 407 860 449 pei-icardii
882 407 945 437 fuit
964 406 1084 445 ablata,
1107 405 1228 448 quique
1244 411 1350 437 tamen
1371 411 1478 447 postea
1495 406 1625 437 omnino

291 461 355 492 fuit
369 462 494 492 sanitati
516 462 681 492 restitutus
699 467 862 503 aegrotans.
891 460 1049 502 Spigelius
1067 460 1212 491 meminit
1233 459 1375 492 vulneris
1394 461 1428 491 in
1449 460 1625 503 pericardio

289 516 501 558 penetrantis,
529 514 620 558 cujus
647 520 849 557 segmentum
876 514 1050 556 ipsissimus
1074 513 1128 544 ille
1156 513 1205 545 vir
1229 513 1376 553 abstulit,
1402 514 1488 556 quod
1518 515 1626 546 fuerat

290 569 496 599 dilaceratum
519 574 550 599 et
576 569 799 607 transfosstun3
823 569 957 599 unicum
982 567 1063 598 illud
1086 567 1268 599 mirandum
1290 567 1426 599 habebat
1450 568 1625 608 sauciatus,

289 622 374 665 quod
395 633 527 664 nempe,
549 622 644 652 simul
667 633 702 652 ac
725 621 891 664 specillum
913 622 946 652 in
968 621 1086 653 vulnus
1107 621 1381 662 introduceretur,
1404 623 1438 652 in
1463 632 1625 665 syncopen

288 676 454 707 incideret.
476 676 576 707 Multa
598 676 656 707 alia
675 675 780 706 adhuc
797 681 924 706 enarrat
938 676 986 706 De
1002 675 1102 706 Senac
1117 676 1163 718 (2)
1180 687 1251 719 quse
1271 682 1410 707 nostram
1429 676 1482 707 hic
1497 677 1624 719 opinio-

286 741 360 761 nem
390 730 472 761 ultra
495 742 622 761 onmem
648 730 853 762 dubitationis
878 730 977 761 aleam
1005 735 1141 773 ponunt.

332 784 426 822 Quod
446 784 484 814 ad
506 785 696 815 sententiam
719 790 856 826 spectat,
878 796 950 827 quae
972 784 1140 827 pericardii
1164 783 1271 826 plagas
1293 794 1357 814 non
1380 783 1439 814 nisi
1457 794 1514 826 per
1538 784 1624 814 acci—

287 837 363 868 dens
384 838 547 868 lethiferas
565 849 631 869 esse
652 839 858 880 pronunciat,
878 839 946 869 haec
966 839 1105 881 gratuito
1128 838 1286 880 proposita
1310 837 1400 868 nobis
1422 837 1565 876 videtur3
1591 843 1624 868 et

285 902 395 922 revera
420 892 593 922 dummodo
621 892 873 931 consideramus,
900 892 1017 923 vulnus
1042 891 1225 934 pericardii,
1251 890 1350 934 liujus
1376 902 1502 933 semper
1525 890 1624 921 func-

284 945 387 975 tiones
403 944 451 975 vel
468 947 719 988 interrumpere,
732 945 783 976 vel
798 945 969 988 impedire,
982 945 1033 976 vel
1047 945 1158 976 saltem
1174 956 1240 976 uno
1256 944 1357 975 aliove
1373 944 1466 975 modo
1480 950 1621 983 mutare3

285 998 361 1029 dum
385 998 588 1029 observamus
608 1010 756 1041 magnam
778 999 1043 1042 haemorrhagiam
1065 999 1182 1030 exinde
1203 999 1277 1029 oriri
1298 1009 1404 1041 posse,
1427 1004 1459 1029 et
1478 998 1538 1028 nisi
1553 998 1624 1029 haec

285 1052 381 1091 adsit,
408 1053 560 1084 facillime
587 1053 778 1084 inflammari
804 1053 1019 1096 pei-icardium
1042 1064 1148 1096 posse,
1172 1059 1209 1084 ut
1233 1058 1355 1083 caeterae
1381 1063 1491 1082 omnes
1517 1062 1622 1083 mem-

283 1105 390 1137 branae
417 1118 551 1146 serosae,
581 1107 668 1138 unde
690 1113 869 1149 exsurgunt
890 1105 986 1150 hujus
1007 1106 1045 1137 ad
1068 1118 1121 1137 cor
1146 1105 1197 1138 vel
1224 1105 1263 1137 ad
1287 1110 1391 1148 partes
1421 1106 1540 1138 vicinas
1563 1105 1622 1136 ad-

283 1159 459 1199 haesiones,
490 1160 540 1192 vel
573 1160 774 1191 collectiones
800 1171 910 1191 serosae
935 1161 969 1190 in
999 1160 1098 1202 ipsius
1131 1159 1299 1202 pericardii
1326 1171 1420 1199 cavo3
1447 1158 1622 1190 dummodo

282 1219 435 1256 praeterea
466 1215 610 1244 animum
639 1220 782 1245 nostrum
815 1213 1010 1244 advertimus
1035 1213 1075 1244 ad
1101 1215 1202 1245 varios
1229 1224 1342 1244 nervos
1367 1212 1456 1256 juxta
1478 1214 1621 1256 pericar-

282 1268 372 1299 dium
400 1267 649 1307 descendentes,
682 1267 733 1298 vel
761 1267 794 1297 in
822 1266 891 1310 ejus
917 1278 994 1298 cavo
1021 1268 1114 1306 sitos3
1144 1266 1318 1297 dummodo
1351 1266 1503 1305 tandem,
1534 1266 1622 1308 quod

282 1322 458 1352 maximum
475 1328 536 1361 est,
558 1321 764 1352 recordemur
782 1321 833 1352 vix
848 1332 1005 1363 organum
1027 1319 1107 1351 illud
1126 1320 1261 1351 sauciari
1282 1331 1388 1363 posse,
1408 1321 1486 1363 quin
1504 1319 1622 1351 exinde

282 1388 336 1407 cor
357 1376 407 1408 vel
427 1376 544 1420 majora
568 1388 638 1408 vasa
660 1376 833 1414 laedantur,
855 1375 928 1406 luce
949 1374 1124 1405 meridiana
1141 1374 1256 1405 clarius
1278 1373 1459 1417 apparebit,
1476 1372 1620 1418 ejusdem

280 1430 400 1462 vulnus
423 1431 511 1461 nulla
539 1430 721 1461 conditione
744 1440 851 1461 carere
879 1435 916 1460 ut
942 1428 1066 1460 lethum
1098 1434 1264 1471 provocet,
1291 1434 1324 1459 et
1344 1429 1378 1459 in
1403 1439 1436 1459 se
1458 1429 1525 1470 ipso
1546 1428 1619 1459 satis

282 1484 389 1515 damni
407 1485 619 1527 complectere
639 1490 675 1516 ut
698 1490 831 1515 mortem
853 1489 979 1527 patrare
1000 1483 1114 1526 possit,
1134 1483 1233 1526 igitur
1256 1482 1388 1513 minime
1412 1492 1479 1513 esse
1500 1481 1619 1513 lethale

281 1549 339 1581 per
360 1539 515 1569 accidens.
1467 1568 1472 1570 a

326 1592 436 1631 Quum
454 1593 552 1635 igitur
568 1603 674 1635 neque
695 1591 837 1623 absolute
853 1590 988 1629 lethale,
1005 1601 1111 1633 neque
1130 1602 1186 1634 per
1202 1589 1347 1621 accidens
1364 1588 1425 1620 tale
1440 1589 1481 1620 sit
1497 1589 1615 1621 vulnus

281 1646 450 1688 pericardii
462 1670 469 1685 ,
486 1646 524 1677 ad
538 1657 594 1689 per
609 1658 641 1677 se
654 1646 781 1677 lethalia
796 1645 928 1677 vulnera
947 1645 1059 1676 referri
1073 1645 1190 1676 debent
1204 1643 1272 1688 ejus
1283 1643 1435 1675 laesiones.
1451 1644 1493 1674 Et
1507 1654 1620 1676 revera

281 1711 448 1742 possumus
460 1699 519 1730 sub
534 1699 588 1730 tali
602 1700 735 1731 vulnere
746 1706 817 1743 apta
830 1699 969 1730 remedia
981 1700 1023 1730 ita
1038 1699 1198 1742 applicare
1211 1704 1248 1730 ut
1262 1699 1378 1729 sanitas
1390 1697 1530 1729 sauciato
1542 1697 1618 1729 red—

281 1753 375 1784 datur
391 1753 447 1795 (3).
478 1754 575 1784 Orfila
597 1755 681 1784 enim
705 1754 826 1796 profert
847 1754 1130 1785 inssannnationem
1152 1765 1190 1785 ex
1213 1752 1382 1797 pericardii
1403 1752 1495 1795 plag&
1515 1758 1617 1784 ortam

279 1819 369 1851 posse
382 1807 431 1838 vel
447 1808 563 1848 averti,
576 1808 626 1839 vel
637 1808 747 1839 saltem
760 1810 926 1849 imminui,
943 1809 1082 1852 hydrops
1093 1808 1162 1853 ejus
1177 1818 1248 1851 quae
1263 1806 1419 1852 ejusmodi
1434 1817 1473 1838 ex
1489 1805 1618 1838 laesione

280 1862 424 1904 procedit
440 1862 609 1904 aliquando
626 1864 707 1905 aptis
723 1863 870 1894 remediis
887 1863 1065 1894 debellatur
1081 1863 1138 1905 (4).
1163 1862 1280 1893 Omnia
1296 1862 1396 1904 igitur
1411 1872 1467 1892 nos
1483 1860 1619 1892 suadent

281 1922 317 1947 ut
334 1915 502 1958 pericardii
520 1915 652 1946 vulnera
668 1916 732 1955 his,
745 1928 817 1959 quae
829 1928 887 1960 per
898 1928 930 1948 se
945 1916 1073 1948 lethalia
1092 1921 1338 1959 nuncupantur,
1354 1914 1615 1946 adnumeremus.

337 2020 382 2048 (1)
399 2019 434 2042 De
450 2020 536 2048 Sanan,
558 2020 586 2042 de
602 2020 625 2043 la
641 2025 760 2044 structure
776 2021 809 2044 du
824 2029 900 2044 coeur.
923 2022 982 2045 Vol.
1009 2024 1042 2044 ΙΙ.
1067 2029 1123 2052 pag.
1142 2022 1198 2044 5⁴3.

338 2061 371 2089 (2)
388 2060 423 2082 De
440 2060 528 2088 Senac,
550 2060 578 2083 de
594 2061 617 2082 la
635 2065 752 2084 structure
768 2061 800 2084 du
816 2069 891 2084 coeur.
916 2062 974 2086 Vol.
995 2064 1030 2084 11.
1055 2070 1111 2093 pag.
1133 2063 1177 2085 343
1196 2066 1219 2084 et
1235 2068 1303 2092 seqq.

337 2102 370 2130 (3)
388 2101 512 2124 Moldecine
530 2101 613 2131 legale.
634 2102 707 2124 Tom.
727 2104 749 2124 1.
772 2110 828 2133 pag.
845 2103 901 2125 053.

335 2141 367 2171 (4)
383 2142 473 2171 Boyer,
495 2141 611 2165 maladies
629 2142 753 2173 chirurg.,
775 2147 835 2165 tom.
857 2142 918 2166 VlI.
940 2150 996 2174 pag⁴
1017 2143 1071 2170 264,
