<?xml version="1.0" encoding="UTF-8"?>
<!DOCTYPE html PUBLIC "-//W3C//DTD XHTML 1.0 Transitional//EN"
    "http://www.w3.org/TR/xhtml1/DTD/xhtml1-transitional.dtd">
<html xmlns="http://www.w3.org/1999/xhtml" xml:lang="en" lang="en">
 <head>
  <title>
</title>
<meta http-equiv="Content-Type" content="text/html;charset=utf-8" />
  <meta name='ocr-system' content='tesseract 3.04.00' />
  <meta name='ocr-capabilities' content='ocr_page ocr_carea ocr_par ocr_line ocrx_word'/>
</head>
<body>
  <div class='ocr_page' id='page_1' title='image "annalesacademiae00acad_0068.png"; bbox 0 0 1747 2620; ppageno 0'>
   <div class='ocr_carea' id='block_1_1' title="bbox 903 308 1018 352">
    <p class='ocr_par' dir='ltr' id='par_1_1' title="bbox 903 308 1018 352">
     <span class='ocr_line' id='line_1_1' title="bbox 903 308 1018 352; baseline 0 0"><span class='ocrx_word' id='word_1_1' title='bbox 903 308 1018 352; x_wconf 82' lang='lat'>(36)</span> 
     </span>
    </p>
   </div>
   <div class='ocr_carea' id='block_1_2' title="bbox 280 383 1631 1993">
    <p class='ocr_par' dir='ltr' id='par_1_2' title="bbox 280 383 1631 753">
     <span class='ocr_line' id='line_1_2' title="bbox 335 383 1630 426; baseline -0.002 -7"><span class='ocrx_word' id='word_1_2' title='bbox 335 399 355 420; x_wconf 87' lang='lat'><em>&gt;›</em></span> <span class='ocrx_word' id='word_1_3' title='bbox 371 388 407 419; x_wconf 81' lang='lat'><em>2⁰</em></span> <span class='ocrx_word' id='word_1_4' title='bbox 421 386 525 419; x_wconf 89' lang='lat' dir='ltr'><em>Notio</em></span> <span class='ocrx_word' id='word_1_5' title='bbox 546 385 724 418; x_wconf 72' lang='lat' dir='ltr'><em>divisionis</em></span> <span class='ocrx_word' id='word_1_6' title='bbox 751 383 953 415; x_wconf 74' lang='lat' dir='ltr'><em>harmonicoe</em></span> <span class='ocrx_word' id='word_1_7' title='bbox 977 388 1076 415; x_wconf 82' lang='lat' dir='ltr'><em>rectoe</em></span> <span class='ocrx_word' id='word_1_8' title='bbox 1097 384 1332 426; x_wconf 73' lang='lat' dir='ltr'><em>magnitudine</em></span> <span class='ocrx_word' id='word_1_9' title='bbox 1355 383 1463 422; x_wconf 83' lang='lat' dir='ltr'><em>datae,</em></span> <span class='ocrx_word' id='word_1_10' title='bbox 1485 396 1545 416; x_wconf 84' lang='lat' dir='ltr'><em>nec</em></span> <span class='ocrx_word' id='word_1_11' title='bbox 1565 397 1630 418; x_wconf 90' lang='lat' dir='ltr'><em>non</em></span> 
     </span>
     <span class='ocr_line' id='line_1_3' title="bbox 280 439 1631 485; baseline -0.002 -12"><span class='ocrx_word' id='word_1_12' title='bbox 280 442 397 485; x_wconf 84' lang='lat' dir='ltr'><em>fascis</em></span> <span class='ocrx_word' id='word_1_13' title='bbox 416 442 621 472; x_wconf 78' lang='lat' dir='ltr'><em>harmonici:</em></span> <span class='ocrx_word' id='word_1_14' title='bbox 643 439 792 482; x_wconf 75' lang='lat' dir='ltr'><em>definitio</em></span> <span class='ocrx_word' id='word_1_15' title='bbox 812 444 844 469; x_wconf 89' lang='lat' dir='ltr'><em>et</em></span> <span class='ocrx_word' id='word_1_16' title='bbox 859 439 1083 479; x_wconf 80' lang='lat' dir='ltr'><em>proprietates</em></span> <span class='ocrx_word' id='word_1_17' title='bbox 1098 439 1285 480; x_wconf 83' lang='lat' dir='ltr'><em>praecipuoe</em></span> <span class='ocrx_word' id='word_1_18' title='bbox 1301 439 1526 481; x_wconf 85' lang='lat' dir='ltr'><em>quadrilateri</em></span> <span class='ocrx_word' id='word_1_19' title='bbox 1541 451 1631 470; x_wconf 86' lang='lat' dir='ltr'><em>com-</em></span> 
     </span>
     <span class='ocr_line' id='line_1_4' title="bbox 284 492 1630 539; baseline -0.001 -12"><span class='ocrx_word' id='word_1_20' title='bbox 284 497 374 538; x_wconf 85' lang='lat' dir='ltr'><em>pleti</em></span> <span class='ocrx_word' id='word_1_21' title='bbox 391 493 624 539; x_wconf 72' lang='lat' dir='ltr'><em>(quadrilatere</em></span> <span class='ocrx_word' id='word_1_22' title='bbox 642 492 817 536; x_wconf 89' lang='lat' dir='ltr'><em>complet):</em></span> <span class='ocrx_word' id='word_1_23' title='bbox 841 493 1005 534; x_wconf 82' lang='lat' dir='ltr'><em>imprimis</em></span> <span class='ocrx_word' id='word_1_24' title='bbox 1024 493 1204 524; x_wconf 74' lang='lat' dir='ltr'><em>relationes</em></span> <span class='ocrx_word' id='word_1_25' title='bbox 1224 494 1311 524; x_wconf 86' lang='lat' dir='ltr'><em>inter</em></span> <span class='ocrx_word' id='word_1_26' title='bbox 1323 500 1497 536; x_wconf 81' lang='lat' dir='ltr'><em>segmenta</em></span> <span class='ocrx_word' id='word_1_27' title='bbox 1512 493 1630 537; x_wconf 83' lang='lat' dir='ltr'><em>cujus-</em></span> 
     </span>
     <span class='ocr_line' id='line_1_5' title="bbox 289 540 1628 593; baseline -0.003 -11"><span class='ocrx_word' id='word_1_28' title='bbox 289 563 354 593; x_wconf 81' lang='lat' dir='ltr'><em>que</em></span> <span class='ocrx_word' id='word_1_29' title='bbox 384 551 485 581; x_wconf 80' lang='lat' dir='ltr'><em>trium</em></span> <span class='ocrx_word' id='word_1_30' title='bbox 512 548 747 591; x_wconf 81' lang='lat' dir='ltr'><em>diagonalium</em></span> <span class='ocrx_word' id='word_1_31' title='bbox 776 547 909 578; x_wconf 85' lang='lat' dir='ltr'><em>duabus</em></span> <span class='ocrx_word' id='word_1_32' title='bbox 937 547 1080 589; x_wconf 79' lang='lat' dir='ltr'><em>reliquis</em></span> <span class='ocrx_word' id='word_1_33' title='bbox 1109 540 1352 589; x_wconf 80' lang='lat' dir='ltr'><em>diagonalibus</em></span> <span class='ocrx_word' id='word_1_34' title='bbox 1381 553 1504 578; x_wconf 84' lang='lat' dir='ltr'><em>sectae:</em></span> <span class='ocrx_word' id='word_1_35' title='bbox 1535 548 1628 578; x_wconf 86' lang='lat' dir='ltr'><em>locus</em></span> 
     </span>
     <span class='ocr_line' id='line_1_6' title="bbox 282 600 1628 645; baseline -0.002 -10"><span class='ocrx_word' id='word_1_36' title='bbox 282 609 483 645; x_wconf 85' lang='lat' dir='ltr'><em>punctorum</em></span> <span class='ocrx_word' id='word_1_37' title='bbox 514 602 696 633; x_wconf 83' lang='lat' dir='ltr'><em>mediorum</em></span> <span class='ocrx_word' id='word_1_38' title='bbox 731 600 920 633; x_wconf 88' lang='lat' dir='ltr'><em>earumdem</em></span> <span class='ocrx_word' id='word_1_39' title='bbox 949 601 1206 643; x_wconf 81' lang='lat' dir='ltr'><em>diagonalium,</em></span> <span class='ocrx_word' id='word_1_40' title='bbox 1242 613 1301 632; x_wconf 88' lang='lat' dir='ltr'><em>nec</em></span> <span class='ocrx_word' id='word_1_41' title='bbox 1334 613 1400 632; x_wconf 90' lang='lat' dir='ltr'><em>non</em></span> <span class='ocrx_word' id='word_1_42' title='bbox 1425 608 1628 643; x_wconf 86' lang='lat' dir='ltr'><em>punctorum</em></span> 
     </span>
     <span class='ocr_line' id='line_1_7' title="bbox 290 655 1630 698; baseline -0.001 -9"><span class='ocrx_word' id='word_1_43' title='bbox 290 669 469 689; x_wconf 74' lang='lat' dir='ltr'><em>concursus</em></span> <span class='ocrx_word' id='word_1_44' title='bbox 487 658 628 688; x_wconf 86' lang='lat' dir='ltr'><em>laterum</em></span> <span class='ocrx_word' id='word_1_45' title='bbox 649 656 788 687; x_wconf 88' lang='lat' dir='ltr'><em>duorum</em></span> <span class='ocrx_word' id='word_1_46' title='bbox 805 655 1052 698; x_wconf 78' lang='lat' dir='ltr'><em>triangulorum</em></span> <span class='ocrx_word' id='word_1_47' title='bbox 1068 655 1103 686; x_wconf 88' lang='lat' dir='ltr'><em>in</em></span> <span class='ocrx_word' id='word_1_48' title='bbox 1118 655 1230 686; x_wconf 82' lang='lat' dir='ltr'><em>eodem</em></span> <span class='ocrx_word' id='word_1_49' title='bbox 1246 656 1351 696; x_wconf 85' lang='lat' dir='ltr'><em>plano</em></span> <span class='ocrx_word' id='word_1_50' title='bbox 1371 656 1528 693; x_wconf 82' lang='lat' dir='ltr'><em>sitorum,</em></span> <span class='ocrx_word' id='word_1_51' title='bbox 1544 667 1630 698; x_wconf 81' lang='lat' dir='ltr'><em>quo-</em></span> 
     </span>
     <span class='ocr_line' id='line_1_8' title="bbox 289 709 1629 753; baseline -0.002 -10"><span class='ocrx_word' id='word_1_52' title='bbox 289 712 507 743; x_wconf 80' lang='lat' dir='ltr'><em>rumvertices</em></span> <span class='ocrx_word' id='word_1_53' title='bbox 520 711 626 742; x_wconf 87' lang='lat' dir='ltr'><em>tribus</em></span> <span class='ocrx_word' id='word_1_54' title='bbox 636 711 735 742; x_wconf 86' lang='lat' dir='ltr'><em>rectis</em></span> <span class='ocrx_word' id='word_1_55' title='bbox 743 722 805 753; x_wconf 84' lang='lat' dir='ltr'><em>per</em></span> <span class='ocrx_word' id='word_1_56' title='bbox 812 710 898 741; x_wconf 85' lang='lat' dir='ltr'><em>idem</em></span> <span class='ocrx_word' id='word_1_57' title='bbox 903 715 1068 751; x_wconf 83' lang='lat' dir='ltr'><em>punctum</em></span> <span class='ocrx_word' id='word_1_58' title='bbox 1081 709 1349 747; x_wconf 84' lang='lat' dir='ltr'><em>transeuntibus,</em></span> <span class='ocrx_word' id='word_1_59' title='bbox 1359 709 1629 741; x_wconf 84' lang='lat' dir='ltr'><em>connectuntur.⁷&#39;</em></span> 
     </span>
    </p>

    <p class='ocr_par' dir='ltr' id='par_1_3' title="bbox 291 763 1630 916">
     <span class='ocr_line' id='line_1_9' title="bbox 335 763 1630 807; baseline -0.002 -10"><span class='ocrx_word' id='word_1_60' title='bbox 335 778 354 797; x_wconf 85' lang='lat'><em>))</em></span> <span class='ocrx_word' id='word_1_61' title='bbox 369 766 402 797; x_wconf 84' lang='lat'><em>3⁰</em></span> <span class='ocrx_word' id='word_1_62' title='bbox 416 766 526 797; x_wconf 88' lang='lat' dir='ltr'><em>Locus</em></span> <span class='ocrx_word' id='word_1_63' title='bbox 546 765 646 796; x_wconf 86' lang='lat' dir='ltr'><em>trium</em></span> <span class='ocrx_word' id='word_1_64' title='bbox 661 770 861 807; x_wconf 87' lang='lat' dir='ltr'><em>punctorum</em></span> <span class='ocrx_word' id='word_1_65' title='bbox 876 764 1055 794; x_wconf 72' lang='lat' dir='ltr'><em>concursus</em></span> <span class='ocrx_word' id='word_1_66' title='bbox 1072 764 1214 794; x_wconf 84' lang='lat' dir='ltr'><em>laterum</em></span> <span class='ocrx_word' id='word_1_67' title='bbox 1230 763 1446 794; x_wconf 74' lang='lat' dir='ltr'><em>adversorum</em></span> <span class='ocrx_word' id='word_1_68' title='bbox 1460 763 1630 806; x_wconf 76' lang='lat' dir='ltr'><em>hexagoni</em></span> 
     </span>
     <span class='ocr_line' id='line_1_10' title="bbox 291 817 1629 859; baseline -0.001 -8"><span class='ocrx_word' id='word_1_69' title='bbox 291 820 415 851; x_wconf 85' lang='lat' dir='ltr'><em>circulo</em></span> <span class='ocrx_word' id='word_1_70' title='bbox 434 820 491 851; x_wconf 77' lang='lat' dir='ltr'><em>vel</em></span> <span class='ocrx_word' id='word_1_71' title='bbox 504 819 645 850; x_wconf 85' lang='lat' dir='ltr'><em>sectioni</em></span> <span class='ocrx_word' id='word_1_72' title='bbox 666 819 790 849; x_wconf 81' lang='lat' dir='ltr'><em>conicoe</em></span> <span class='ocrx_word' id='word_1_73' title='bbox 811 818 985 859; x_wconf 75' lang='lat' dir='ltr'><em>inseripti5</em></span> <span class='ocrx_word' id='word_1_74' title='bbox 1001 823 1167 859; x_wconf 80' lang='lat' dir='ltr'><em>proeterea</em></span> <span class='ocrx_word' id='word_1_75' title='bbox 1189 817 1428 848; x_wconf 82' lang='lat' dir='ltr'><em>demonstratio</em></span> <span class='ocrx_word' id='word_1_76' title='bbox 1449 820 1629 850; x_wconf 73' lang='lat' dir='ltr'><em>concursus</em></span> 
     </span>
     <span class='ocr_line' id='line_1_11' title="bbox 291 871 1518 916; baseline -0.002 -11"><span class='ocrx_word' id='word_1_77' title='bbox 291 875 384 906; x_wconf 89' lang='lat' dir='ltr'><em>unici</em></span> <span class='ocrx_word' id='word_1_78' title='bbox 399 875 498 905; x_wconf 83' lang='lat' dir='ltr'><em>trium</em></span> <span class='ocrx_word' id='word_1_79' title='bbox 523 873 757 916; x_wconf 80' lang='lat' dir='ltr'><em>diagonalium</em></span> <span class='ocrx_word' id='word_1_80' title='bbox 775 873 944 915; x_wconf 79' lang='lat' dir='ltr'><em>hexagoni</em></span> <span class='ocrx_word' id='word_1_81' title='bbox 964 871 1083 902; x_wconf 88' lang='lat' dir='ltr'><em>iisdem</em></span> <span class='ocrx_word' id='word_1_82' title='bbox 1104 872 1215 902; x_wconf 78' lang='lat' dir='ltr'><em>curvis</em></span> <span class='ocrx_word' id='word_1_83' title='bbox 1236 871 1518 913; x_wconf 78' lang='lat' dir='ltr'><em>circunzscripti.’&#39;</em></span> 
     </span>
    </p>

    <p class='ocr_par' dir='ltr' id='par_1_4' title="bbox 287 925 1630 1076">
     <span class='ocr_line' id='line_1_12' title="bbox 334 925 1630 968; baseline -0.002 -9"><span class='ocrx_word' id='word_1_84' title='bbox 334 940 353 959; x_wconf 85' lang='grc'><em>))</em></span> <span class='ocrx_word' id='word_1_85' title='bbox 369 928 404 968; x_wconf 74' lang='lat'><em>4⁰</em></span> <span class='ocrx_word' id='word_1_86' title='bbox 429 927 647 959; x_wconf 77' lang='lat' dir='ltr'><em>Enumeratio</em></span> <span class='ocrx_word' id='word_1_87' title='bbox 669 927 917 968; x_wconf 82' lang='lat' dir='ltr'><em>proprietatum</em></span> <span class='ocrx_word' id='word_1_88' title='bbox 948 931 1068 957; x_wconf 88' lang='lat' dir='ltr'><em>notatu</em></span> <span class='ocrx_word' id='word_1_89' title='bbox 1097 925 1290 968; x_wconf 79' lang='lat' dir='ltr'><em>digniorum</em></span> <span class='ocrx_word' id='word_1_90' title='bbox 1321 925 1447 967; x_wconf 85' lang='lat' dir='ltr'><em>quibus</em></span> <span class='ocrx_word' id='word_1_91' title='bbox 1477 926 1630 968; x_wconf 79' lang='lat' dir='ltr'><em>gaudent</em></span> 
     </span>
     <span class='ocr_line' id='line_1_13' title="bbox 287 979 1627 1024; baseline -0.001 -11"><span class='ocrx_word' id='word_1_92' title='bbox 287 983 465 1024; x_wconf 75' lang='lat' dir='ltr'><em>hexagona</em></span> <span class='ocrx_word' id='word_1_93' title='bbox 472 1003 484 1018; x_wconf 82' lang='lat'><em>‚</em></span> <span class='ocrx_word' id='word_1_94' title='bbox 499 985 715 1023; x_wconf 83' lang='lat' dir='ltr'><em>pentagona,</em></span> <span class='ocrx_word' id='word_1_95' title='bbox 736 979 969 1022; x_wconf 82' lang='lat' dir='ltr'><em>quadrilatera</em></span> <span class='ocrx_word' id='word_1_96' title='bbox 989 985 1022 1009; x_wconf 88' lang='lat' dir='ltr'><em>et</em></span> <span class='ocrx_word' id='word_1_97' title='bbox 1036 979 1211 1020; x_wconf 81' lang='lat' dir='ltr'><em>triangula</em></span> <span class='ocrx_word' id='word_1_98' title='bbox 1228 979 1328 1009; x_wconf 88' lang='lat' dir='ltr'><em>lineis</em></span> <span class='ocrx_word' id='word_1_99' title='bbox 1347 979 1486 1010; x_wconf 82' lang='lat' dir='ltr'><em>secundi</em></span> <span class='ocrx_word' id='word_1_100' title='bbox 1498 980 1627 1022; x_wconf 74' lang='lat' dir='ltr'><em>gradus</em></span> 
     </span>
     <span class='ocr_line' id='line_1_14' title="bbox 288 1032 972 1076; baseline -0.006 -10"><span class='ocrx_word' id='word_1_101' title='bbox 288 1047 362 1066; x_wconf 84' lang='lat' dir='ltr'><em>cum</em></span> <span class='ocrx_word' id='word_1_102' title='bbox 386 1035 568 1076; x_wconf 84' lang='lat' dir='ltr'><em>inscripta,</em></span> <span class='ocrx_word' id='word_1_103' title='bbox 592 1039 662 1064; x_wconf 91' lang='lat' dir='ltr'><em>tum</em></span> <span class='ocrx_word' id='word_1_104' title='bbox 681 1032 972 1074; x_wconf 82' lang='lat' dir='ltr'><em>circumscripta.”</em></span> 
     </span>
    </p>

    <p class='ocr_par' dir='ltr' id='par_1_5' title="bbox 333 1084 1584 1128">
     <span class='ocr_line' id='line_1_15' title="bbox 333 1084 1584 1128; baseline -0.004 -8"><span class='ocrx_word' id='word_1_105' title='bbox 333 1100 352 1120; x_wconf 89' lang='grc'><em>))</em></span> <span class='ocrx_word' id='word_1_106' title='bbox 369 1089 404 1120; x_wconf 82' lang='lat'><em>5⁰</em></span> <span class='ocrx_word' id='word_1_107' title='bbox 421 1086 584 1118; x_wconf 76' lang='lat' dir='ltr'><em>Nationes</em></span> <span class='ocrx_word' id='word_1_108' title='bbox 605 1092 638 1117; x_wconf 84' lang='lat' dir='ltr'><em>et</em></span> <span class='ocrx_word' id='word_1_109' title='bbox 651 1087 876 1128; x_wconf 85' lang='lat' dir='ltr'><em>proprietates</em></span> <span class='ocrx_word' id='word_1_110' title='bbox 900 1087 1103 1128; x_wconf 84' lang='lat' dir='ltr'><em>insigniores</em></span> <span class='ocrx_word' id='word_1_111' title='bbox 1126 1085 1289 1116; x_wconf 80' lang='lat' dir='ltr'><em>Pelorum</em></span> <span class='ocrx_word' id='word_1_112' title='bbox 1309 1090 1343 1116; x_wconf 86' lang='lat' dir='ltr'><em>et</em></span> <span class='ocrx_word' id='word_1_113' title='bbox 1365 1084 1584 1116; x_wconf 84' lang='lat' dir='ltr'><em>Polarium.”</em></span> 
     </span>
    </p>

    <p class='ocr_par' dir='ltr' id='par_1_6' title="bbox 290 1138 1628 1237">
     <span class='ocr_line' id='line_1_16' title="bbox 331 1138 1628 1182; baseline -0.003 -9"><span class='ocrx_word' id='word_1_114' title='bbox 331 1154 351 1174; x_wconf 82' lang='grc'><em>))</em></span> <span class='ocrx_word' id='word_1_115' title='bbox 366 1142 403 1174; x_wconf 77' lang='grc'><em>60</em></span> <span class='ocrx_word' id='word_1_116' title='bbox 423 1140 569 1172; x_wconf 84' lang='lat' dir='ltr'><em>Tandem</em></span> <span class='ocrx_word' id='word_1_117' title='bbox 588 1140 703 1171; x_wconf 75' lang='lat' dir='ltr'><em>horum</em></span> <span class='ocrx_word' id='word_1_118' title='bbox 713 1139 956 1182; x_wconf 82' lang='lat' dir='ltr'><em>principiorum</em></span> <span class='ocrx_word' id='word_1_119' title='bbox 974 1138 1142 1181; x_wconf 82' lang='lat' dir='ltr'><em>ejusmodi</em></span> <span class='ocrx_word' id='word_1_120' title='bbox 1160 1138 1408 1180; x_wconf 79' lang='lat' dir='ltr'><em>applicationes</em></span> <span class='ocrx_word' id='word_1_121' title='bbox 1428 1149 1506 1180; x_wconf 84' lang='lat' dir='ltr'><em>quoe</em></span> <span class='ocrx_word' id='word_1_122' title='bbox 1520 1139 1628 1170; x_wconf 85' lang='lat' dir='ltr'><em>solius</em></span> 
     </span>
     <span class='ocr_line' id='line_1_17' title="bbox 290 1192 643 1237; baseline -0.008 -10"><span class='ocrx_word' id='word_1_123' title='bbox 290 1206 413 1227; x_wconf 86' lang='lat' dir='ltr'><em>normoe</em></span> <span class='ocrx_word' id='word_1_124' title='bbox 432 1192 643 1237; x_wconf 80' lang='lat' dir='ltr'><em>requirant.”</em></span> 
     </span>
    </p>

    <p class='ocr_par' dir='ltr' id='par_1_7' title="bbox 287 1245 1629 1400">
     <span class='ocr_line' id='line_1_18' title="bbox 332 1245 1626 1289; baseline -0.002 -9"><span class='ocrx_word' id='word_1_125' title='bbox 332 1249 407 1280; x_wconf 88' lang='lat' dir='ltr'><em>Una</em></span> <span class='ocrx_word' id='word_1_126' title='bbox 430 1254 557 1279; x_wconf 87' lang='lat' dir='ltr'><em>tantum</em></span> <span class='ocrx_word' id='word_1_127' title='bbox 584 1246 731 1278; x_wconf 83' lang='lat' dir='ltr'><em>facultati</em></span> <span class='ocrx_word' id='word_1_128' title='bbox 755 1248 917 1289; x_wconf 82' lang='lat' dir='ltr'><em>responsio</em></span> <span class='ocrx_word' id='word_1_129' title='bbox 941 1245 1044 1278; x_wconf 88' lang='lat' dir='ltr'><em>oblata</em></span> <span class='ocrx_word' id='word_1_130' title='bbox 1069 1252 1133 1286; x_wconf 82' lang='lat' dir='ltr'><em>est,</em></span> <span class='ocrx_word' id='word_1_131' title='bbox 1163 1246 1224 1277; x_wconf 88' lang='lat' dir='ltr'><em>hac</em></span> <span class='ocrx_word' id='word_1_132' title='bbox 1250 1246 1459 1289; x_wconf 77' lang='lat' dir='ltr'><em>inscriptione</em></span> <span class='ocrx_word' id='word_1_133' title='bbox 1482 1246 1626 1289; x_wconf 81' lang='lat' dir='ltr'><em>signata:</em></span> 
     </span>
     <span class='ocr_line' id='line_1_19' title="bbox 292 1299 1629 1343; baseline -0.003 -9"><span class='ocrx_word' id='word_1_134' title='bbox 292 1304 361 1343; x_wconf 82' lang='lat' dir='ltr'><em>Qui</em></span> <span class='ocrx_word' id='word_1_135' title='bbox 378 1306 606 1334; x_wconf 77' lang='lat' dir='ltr'><em>tractaverunt</em></span> <span class='ocrx_word' id='word_1_136' title='bbox 620 1301 801 1337; x_wconf 82' lang='lat' dir='ltr'><em>scientias,</em></span> <span class='ocrx_word' id='word_1_137' title='bbox 820 1306 898 1339; x_wconf 85' lang='lat' dir='ltr'><em>ete.,</em></span> <span class='ocrx_word' id='word_1_138' title='bbox 914 1311 1011 1342; x_wconf 89' lang='lat' dir='ltr'><em>quam</em></span> <span class='ocrx_word' id='word_1_139' title='bbox 1027 1300 1158 1342; x_wconf 81' lang='lat' dir='ltr'><em>praemio</em></span> <span class='ocrx_word' id='word_1_140' title='bbox 1179 1299 1326 1343; x_wconf 81' lang='lat' dir='ltr'><em>dignam,</em></span> <span class='ocrx_word' id='word_1_141' title='bbox 1348 1300 1495 1331; x_wconf 88' lang='lat' dir='ltr'><em>unanimi</em></span> <span class='ocrx_word' id='word_1_142' title='bbox 1511 1300 1629 1331; x_wconf 80' lang='lat' dir='ltr'><em>suffra-</em></span> 
     </span>
     <span class='ocr_line' id='line_1_20' title="bbox 287 1353 1626 1400; baseline -0.002 -11"><span class='ocrx_word' id='word_1_143' title='bbox 287 1358 339 1400; x_wconf 79' lang='lat' dir='ltr'><em>gio</em></span> <span class='ocrx_word' id='word_1_144' title='bbox 359 1361 557 1388; x_wconf 87' lang='lat' dir='ltr'><em>censuerunt</em></span> <span class='ocrx_word' id='word_1_145' title='bbox 575 1353 817 1397; x_wconf 86' lang='lat' dir='ltr'><em>disciplinarum</em></span> <span class='ocrx_word' id='word_1_146' title='bbox 839 1353 1141 1385; x_wconf 85' lang='lat' dir='ltr'><em>mathematicarum</em></span> <span class='ocrx_word' id='word_1_147' title='bbox 1154 1359 1187 1384; x_wconf 86' lang='lat' dir='ltr'><em>et</em></span> <span class='ocrx_word' id='word_1_148' title='bbox 1200 1353 1408 1397; x_wconf 85' lang='lat' dir='ltr'><em>physicarum</em></span> <span class='ocrx_word' id='word_1_149' title='bbox 1421 1353 1626 1397; x_wconf 83' lang='lat' dir='ltr'><em>professores.</em></span> 
     </span>
    </p>

    <p class='ocr_par' dir='ltr' id='par_1_8' title="bbox 285 1407 1628 1668">
     <span class='ocr_line' id='line_1_21' title="bbox 330 1407 1628 1451; baseline -0.002 -10"><span class='ocrx_word' id='word_1_150' title='bbox 330 1410 486 1441; x_wconf 79' lang='lat' dir='ltr'><em>Versatur</em></span> <span class='ocrx_word' id='word_1_151' title='bbox 500 1408 676 1440; x_wconf 78' lang='lat' dir='ltr'><em>dissertatio</em></span> <span class='ocrx_word' id='word_1_152' title='bbox 691 1408 774 1439; x_wconf 89' lang='lat' dir='ltr'><em>circa</em></span> <span class='ocrx_word' id='word_1_153' title='bbox 790 1407 999 1450; x_wconf 84' lang='lat' dir='ltr'><em>geometricas</em></span> <span class='ocrx_word' id='word_1_154' title='bbox 1013 1407 1273 1451; x_wconf 79' lang='lat' dir='ltr'><em>investigationes</em></span> <span class='ocrx_word' id='word_1_155' title='bbox 1282 1419 1420 1451; x_wconf 87' lang='lat' dir='ltr'><em>quarum</em></span> <span class='ocrx_word' id='word_1_156' title='bbox 1434 1408 1467 1438; x_wconf 88' lang='lat' dir='ltr'><em>in</em></span> <span class='ocrx_word' id='word_1_157' title='bbox 1479 1414 1628 1440; x_wconf 88' lang='lat' dir='ltr'><em>veterum</em></span> 
     </span>
     <span class='ocr_line' id='line_1_22' title="bbox 286 1461 1627 1507; baseline -0.002 -12"><span class='ocrx_word' id='word_1_158' title='bbox 286 1465 411 1507; x_wconf 87' lang='lat' dir='ltr'><em>scriptis</em></span> <span class='ocrx_word' id='word_1_159' title='bbox 438 1461 594 1494; x_wconf 89' lang='lat' dir='ltr'><em>nonnulla</em></span> <span class='ocrx_word' id='word_1_160' title='bbox 618 1461 801 1493; x_wconf 88' lang='lat' dir='ltr'><em>rudimenta</em></span> <span class='ocrx_word' id='word_1_161' title='bbox 823 1462 980 1504; x_wconf 84' lang='lat' dir='ltr'><em>reperies,</em></span> <span class='ocrx_word' id='word_1_162' title='bbox 1009 1461 1064 1492; x_wconf 89' lang='lat' dir='ltr'><em>sed</em></span> <span class='ocrx_word' id='word_1_163' title='bbox 1085 1462 1203 1505; x_wconf 87' lang='lat' dir='ltr'><em>quibus</em></span> <span class='ocrx_word' id='word_1_164' title='bbox 1222 1473 1304 1493; x_wconf 85' lang='lat' dir='ltr'><em>nova</em></span> <span class='ocrx_word' id='word_1_165' title='bbox 1330 1461 1462 1492; x_wconf 89' lang='lat' dir='ltr'><em>omnino</em></span> <span class='ocrx_word' id='word_1_166' title='bbox 1483 1461 1627 1492; x_wconf 83' lang='lat' dir='ltr'><em>doctrina</em></span> 
     </span>
     <span class='ocr_line' id='line_1_23' title="bbox 285 1514 1627 1559; baseline -0.003 -9"><span class='ocrx_word' id='word_1_167' title='bbox 285 1518 433 1551; x_wconf 86' lang='lat' dir='ltr'><em>efficitur.</em></span> <span class='ocrx_word' id='word_1_168' title='bbox 462 1518 564 1549; x_wconf 88' lang='lat' dir='ltr'><em>Autor</em></span> <span class='ocrx_word' id='word_1_169' title='bbox 583 1516 701 1547; x_wconf 87' lang='lat' dir='ltr'><em>limites</em></span> <span class='ocrx_word' id='word_1_170' title='bbox 721 1515 852 1559; x_wconf 89' lang='lat' dir='ltr'><em>quidem</em></span> <span class='ocrx_word' id='word_1_171' title='bbox 877 1522 1090 1559; x_wconf 83' lang='lat' dir='ltr'><em>transgressus</em></span> <span class='ocrx_word' id='word_1_172' title='bbox 1111 1521 1158 1547; x_wconf 84' lang='lat' dir='ltr'><em>est</em></span> <span class='ocrx_word' id='word_1_173' title='bbox 1178 1514 1296 1558; x_wconf 88' lang='lat' dir='ltr'><em>quibus</em></span> <span class='ocrx_word' id='word_1_174' title='bbox 1315 1515 1474 1546; x_wconf 88' lang='lat' dir='ltr'><em>contineri</em></span> <span class='ocrx_word' id='word_1_175' title='bbox 1494 1516 1627 1558; x_wconf 77' lang='lat' dir='ltr'><em>quaestio</em></span> 
     </span>
     <span class='ocr_line' id='line_1_24' title="bbox 286 1568 1626 1613; baseline -0.003 -9"><span class='ocrx_word' id='word_1_176' title='bbox 286 1571 470 1611; x_wconf 69' lang='lat' dir='ltr'><em>videbatur,</em></span> <span class='ocrx_word' id='word_1_177' title='bbox 490 1570 545 1602; x_wconf 83' lang='lat' dir='ltr'><em>sed</em></span> <span class='ocrx_word' id='word_1_178' title='bbox 562 1571 605 1601; x_wconf 83' lang='lat' dir='ltr'><em>ita</em></span> <span class='ocrx_word' id='word_1_179' title='bbox 627 1575 665 1601; x_wconf 85' lang='lat' dir='ltr'><em>ut</em></span> <span class='ocrx_word' id='word_1_180' title='bbox 682 1569 805 1601; x_wconf 82' lang='lat' dir='ltr'><em>nullam</em></span> <span class='ocrx_word' id='word_1_181' title='bbox 820 1569 908 1601; x_wconf 88' lang='lat' dir='ltr'><em>illius</em></span> <span class='ocrx_word' id='word_1_182' title='bbox 928 1569 1126 1601; x_wconf 88' lang='lat' dir='ltr'><em>tractandam</em></span> <span class='ocrx_word' id='word_1_183' title='bbox 1146 1575 1269 1613; x_wconf 86' lang='lat' dir='ltr'><em>partem</em></span> <span class='ocrx_word' id='word_1_184' title='bbox 1289 1569 1441 1601; x_wconf 89' lang='lat' dir='ltr'><em>omiserit.</em></span> <span class='ocrx_word' id='word_1_185' title='bbox 1464 1568 1626 1608; x_wconf 82' lang='lat' dir='ltr'><em>Quaestio-</em></span> 
     </span>
     <span class='ocr_line' id='line_1_25' title="bbox 285 1623 1232 1668; baseline -0.003 -11"><span class='ocrx_word' id='word_1_186' title='bbox 285 1637 361 1658; x_wconf 88' lang='lat' dir='ltr'><em>nem</em></span> <span class='ocrx_word' id='word_1_187' title='bbox 382 1626 491 1668; x_wconf 90' lang='lat' dir='ltr'><em>itaque</em></span> <span class='ocrx_word' id='word_1_188' title='bbox 512 1624 639 1668; x_wconf 88' lang='lat' dir='ltr'><em>plenius</em></span> <span class='ocrx_word' id='word_1_189' title='bbox 659 1634 752 1667; x_wconf 85' lang='lat' dir='ltr'><em>aequo</em></span> <span class='ocrx_word' id='word_1_190' title='bbox 774 1623 901 1656; x_wconf 80' lang='lat' dir='ltr'><em>solvisse</em></span> <span class='ocrx_word' id='word_1_191' title='bbox 924 1623 1154 1655; x_wconf 80' lang='lat' dir='ltr'><em>existimandus</em></span> <span class='ocrx_word' id='word_1_192' title='bbox 1175 1629 1232 1654; x_wconf 87' lang='lat' dir='ltr'><em>est.</em></span> 
     </span>
    </p>

    <p class='ocr_par' dir='ltr' id='par_1_9' title="bbox 285 1675 1625 1884">
     <span class='ocr_line' id='line_1_26' title="bbox 330 1675 1624 1723; baseline -0.004 -12"><span class='ocrx_word' id='word_1_193' title='bbox 330 1679 496 1723; x_wconf 83' lang='lat' dir='ltr'><em>Exquisita</em></span> <span class='ocrx_word' id='word_1_194' title='bbox 524 1679 592 1710; x_wconf 86' lang='lat' dir='ltr'><em>haec</em></span> <span class='ocrx_word' id='word_1_195' title='bbox 617 1677 793 1709; x_wconf 86' lang='lat' dir='ltr'><em>dissertatio</em></span> <span class='ocrx_word' id='word_1_196' title='bbox 819 1677 976 1709; x_wconf 86' lang='lat' dir='ltr'><em>nonnulla</em></span> <span class='ocrx_word' id='word_1_197' title='bbox 1000 1689 1018 1709; x_wconf 91' lang='lat' dir='ltr'><em>e</em></span> <span class='ocrx_word' id='word_1_198' title='bbox 1045 1676 1277 1709; x_wconf 86' lang='lat' dir='ltr'><em>recentioribus</em></span> <span class='ocrx_word' id='word_1_199' title='bbox 1305 1681 1477 1719; x_wconf 79' lang='lat' dir='ltr'><em>excerpta,</em></span> <span class='ocrx_word' id='word_1_200' title='bbox 1509 1675 1564 1706; x_wconf 90' lang='lat' dir='ltr'><em>sed</em></span> <span class='ocrx_word' id='word_1_201' title='bbox 1585 1675 1624 1706; x_wconf 83' lang='lat' dir='ltr'><em>ad</em></span> 
     </span>
     <span class='ocr_line' id='line_1_27' title="bbox 286 1729 1625 1777; baseline -0.004 -11"><span class='ocrx_word' id='word_1_202' title='bbox 286 1734 494 1777; x_wconf 86' lang='lat' dir='ltr'><em>simpliciores</em></span> <span class='ocrx_word' id='word_1_203' title='bbox 513 1738 571 1764; x_wconf 83' lang='lat' dir='ltr'><em>aut</em></span> <span class='ocrx_word' id='word_1_204' title='bbox 588 1731 801 1774; x_wconf 84' lang='lat' dir='ltr'><em>generaliores</em></span> <span class='ocrx_word' id='word_1_205' title='bbox 819 1732 972 1763; x_wconf 87' lang='lat' dir='ltr'><em>terminos</em></span> <span class='ocrx_word' id='word_1_206' title='bbox 991 1731 1142 1772; x_wconf 81' lang='lat' dir='ltr'><em>reducta3</em></span> <span class='ocrx_word' id='word_1_207' title='bbox 1162 1730 1399 1774; x_wconf 78' lang='lat' dir='ltr'><em>disquisitiones</em></span> <span class='ocrx_word' id='word_1_208' title='bbox 1419 1729 1516 1761; x_wconf 81' lang='lat' dir='ltr'><em>etiam</em></span> <span class='ocrx_word' id='word_1_209' title='bbox 1534 1740 1625 1760; x_wconf 87' lang='lat' dir='ltr'><em>com-</em></span> 
     </span>
     <span class='ocr_line' id='line_1_28' title="bbox 285 1781 1621 1832; baseline -0.006 -12"><span class='ocrx_word' id='word_1_210' title='bbox 285 1788 440 1832; x_wconf 86' lang='lat' dir='ltr'><em>plectitur</em></span> <span class='ocrx_word' id='word_1_211' title='bbox 461 1787 565 1818; x_wconf 86' lang='lat' dir='ltr'><em>autori</em></span> <span class='ocrx_word' id='word_1_212' title='bbox 588 1785 748 1829; x_wconf 79' lang='lat' dir='ltr'><em>propria5‚</em></span> <span class='ocrx_word' id='word_1_213' title='bbox 771 1796 843 1828; x_wconf 85' lang='lat' dir='ltr'><em>quae</em></span> <span class='ocrx_word' id='word_1_214' title='bbox 867 1785 1013 1828; x_wconf 86' lang='lat' dir='ltr'><em>quamvis</em></span> <span class='ocrx_word' id='word_1_215' title='bbox 1033 1797 1051 1816; x_wconf 86' lang='lat' dir='ltr'><em>a</em></span> <span class='ocrx_word' id='word_1_216' title='bbox 1072 1784 1232 1828; x_wconf 83' lang='lat' dir='ltr'><em>proposita</em></span> <span class='ocrx_word' id='word_1_217' title='bbox 1254 1783 1430 1827; x_wconf 87' lang='lat' dir='ltr'><em>quaestione</em></span> <span class='ocrx_word' id='word_1_218' title='bbox 1453 1781 1621 1822; x_wconf 86' lang='lat' dir='ltr'><em>recedant,</em></span> 
     </span>
     <span class='ocr_line' id='line_1_29' title="bbox 286 1838 1212 1884; baseline -0.005 -9"><span class='ocrx_word' id='word_1_219' title='bbox 286 1854 362 1876; x_wconf 85' lang='lat' dir='ltr'><em>cum</em></span> <span class='ocrx_word' id='word_1_220' title='bbox 383 1841 437 1873; x_wconf 83' lang='lat' dir='ltr'><em>illa</em></span> <span class='ocrx_word' id='word_1_221' title='bbox 459 1840 670 1872; x_wconf 86' lang='lat' dir='ltr'><em>nihilominus</em></span> <span class='ocrx_word' id='word_1_222' title='bbox 687 1838 839 1870; x_wconf 85' lang='lat' dir='ltr'><em>affinitate</em></span> <span class='ocrx_word' id='word_1_223' title='bbox 857 1838 995 1882; x_wconf 89' lang='lat' dir='ltr'><em>quadam</em></span> <span class='ocrx_word' id='word_1_224' title='bbox 1016 1838 1212 1884; x_wconf 77' lang='lat' dir='ltr'><em>junguntur.</em></span> 
     </span>
    </p>

    <p class='ocr_par' dir='ltr' id='par_1_10' title="bbox 285 1889 1620 1993">
     <span class='ocr_line' id='line_1_30' title="bbox 329 1889 1620 1939; baseline -0.005 -12"><span class='ocrx_word' id='word_1_225' title='bbox 329 1896 448 1939; x_wconf 83' lang='lat' dir='ltr'><em>Aperta</em></span> <span class='ocrx_word' id='word_1_226' title='bbox 467 1893 634 1933; x_wconf 79' lang='lat' dir='ltr'><em>schedula,</em></span> <span class='ocrx_word' id='word_1_227' title='bbox 659 1892 795 1936; x_wconf 87' lang='lat' dir='ltr'><em>protulit</em></span> <span class='ocrx_word' id='word_1_228' title='bbox 812 1903 930 1924; x_wconf 89' lang='lat' dir='ltr'><em>nomen</em></span> <span class='ocrx_word' id='word_1_229' title='bbox 953 1892 1154 1924; x_wconf 71' lang='lat' dir='ltr'>MANDERLOER</span> <span class='ocrx_word' id='word_1_230' title='bbox 1180 1889 1370 1934; x_wconf 65' lang='lat' dir='ltr'><em>(Etmms),</em></span> <span class='ocrx_word' id='word_1_231' title='bbox 1394 1889 1620 1929; x_wconf 82' lang='lat' dir='ltr'><em>Tornacensis,</em></span> 
     </span>
     <span class='ocr_line' id='line_1_31' title="bbox 285 1946 1072 1993; baseline -0.005 -11"><span class='ocrx_word' id='word_1_232' title='bbox 285 1949 403 1982; x_wconf 84' lang='lat' dir='ltr'><em>ordinis</em></span> <span class='ocrx_word' id='word_1_233' title='bbox 427 1946 877 1993; x_wconf 83' lang='lat' dir='ltr'><em>physico-mathematicorum</em></span> <span class='ocrx_word' id='word_1_234' title='bbox 901 1946 1072 1978; x_wconf 88' lang='lat' dir='ltr'><em>candidati.</em></span> 
     </span>
    </p>
   </div>
   <div class='ocr_carea' id='block_1_3' title="bbox 819 2072 1084 2094">
    <p class='ocr_par' dir='ltr' id='par_1_11' title="bbox 819 2072 1084 2094">
     <span class='ocr_line' id='line_1_32' title="bbox 819 2072 1084 2094; baseline -0.008 -6"><span class='ocrx_word' id='word_1_235' title='bbox 819 2072 1084 2094; x_wconf 44' lang='grc' dir='ltr'>ψ</span> 
     </span>
    </p>
   </div>
  </div>
 </body>
</html>
