<?xml version="1.0" encoding="UTF-8"?>
<!DOCTYPE html PUBLIC "-//W3C//DTD XHTML 1.0 Transitional//EN"
    "http://www.w3.org/TR/xhtml1/DTD/xhtml1-transitional.dtd">
<html xmlns="http://www.w3.org/1999/xhtml" xml:lang="en" lang="en">
 <head>
  <title>
</title>
<meta http-equiv="Content-Type" content="text/html;charset=utf-8" />
  <meta name='ocr-system' content='tesseract 3.04.00' />
  <meta name='ocr-capabilities' content='ocr_page ocr_carea ocr_par ocr_line ocrx_word'/>
</head>
<body>
  <div class='ocr_page' id='page_1' title='image "annalesacademiae00acad_0110.png"; bbox 0 0 1747 2620; ppageno 0'>
   <div class='ocr_carea' id='block_1_1' title="bbox 865 284 979 328">
    <p class='ocr_par' dir='ltr' id='par_1_1' title="bbox 865 284 979 328">
     <span class='ocr_line' id='line_1_1' title="bbox 865 284 979 328; baseline 0.009 -2"><span class='ocrx_word' id='word_1_1' title='bbox 865 284 979 328; x_wconf 72' lang='lat'>(42)</span> 
     </span>
    </p>
   </div>
   <div class='ocr_carea' id='block_1_2' title="bbox 255 359 1596 998">
    <p class='ocr_par' dir='ltr' id='par_1_2' title="bbox 255 359 1596 998">
     <span class='ocr_line' id='line_1_2' title="bbox 304 359 1595 403; baseline 0.001 -12"><span class='ocrx_word' id='word_1_2' title='bbox 304 360 392 391; x_wconf 88' lang='lat' dir='ltr'>XVI.</span> <span class='ocrx_word' id='word_1_3' title='bbox 434 360 539 403; x_wconf 86' lang='lat' dir='ltr'>Atque</span> <span class='ocrx_word' id='word_1_4' title='bbox 568 359 641 391; x_wconf 85' lang='lat' dir='ltr'>haec</span> <span class='ocrx_word' id='word_1_5' title='bbox 673 359 805 402; x_wconf 87' lang='lat' dir='ltr'>quidem</span> <span class='ocrx_word' id='word_1_6' title='bbox 835 359 875 391; x_wconf 87' lang='lat' dir='ltr'>de</span> <span class='ocrx_word' id='word_1_7' title='bbox 904 359 1026 402; x_wconf 59' lang='lat' dir='ltr'>privata</span> <span class='ocrx_word' id='word_1_8' title='bbox 1058 371 1265 403; x_wconf 81' lang='lat' dir='ltr'>personarum</span> <span class='ocrx_word' id='word_1_9' title='bbox 1299 359 1482 392; x_wconf 88' lang='lat' dir='ltr'>conditione</span> <span class='ocrx_word' id='word_1_10' title='bbox 1511 360 1595 393; x_wconf 85' lang='lat' dir='ltr'>dieta</span> 
     </span>
     <span class='ocr_line' id='line_1_3' title="bbox 259 413 1595 458; baseline 0 -12"><span class='ocrx_word' id='word_1_11' title='bbox 259 422 345 447; x_wconf 82' lang='lat' dir='ltr'>sunt.</span> <span class='ocrx_word' id='word_1_12' title='bbox 373 415 468 454; x_wconf 83' lang='lat' dir='ltr'>Quod</span> <span class='ocrx_word' id='word_1_13' title='bbox 489 416 575 447; x_wconf 88' lang='lat' dir='ltr'>enim</span> <span class='ocrx_word' id='word_1_14' title='bbox 596 415 634 446; x_wconf 87' lang='lat' dir='ltr'>ad</span> <span class='ocrx_word' id='word_1_15' title='bbox 655 414 816 458; x_wconf 82' lang='lat' dir='ltr'>publicam</span> <span class='ocrx_word' id='word_1_16' title='bbox 836 415 966 453; x_wconf 77' lang='lat' dir='ltr'>attinet,</span> <span class='ocrx_word' id='word_1_17' title='bbox 989 413 1071 444; x_wconf 87' lang='lat' dir='ltr'>illud</span> <span class='ocrx_word' id='word_1_18' title='bbox 1090 413 1366 445; x_wconf 87' lang='lat' dir='ltr'>evidentissimum</span> <span class='ocrx_word' id='word_1_19' title='bbox 1385 420 1448 453; x_wconf 88' lang='lat' dir='ltr'>est,</span> <span class='ocrx_word' id='word_1_20' title='bbox 1471 414 1595 446; x_wconf 89' lang='lat' dir='ltr'>nullam</span> 
     </span>
     <span class='ocr_line' id='line_1_4' title="bbox 260 467 1596 512; baseline -0.001 -12"><span class='ocrx_word' id='word_1_21' title='bbox 260 471 292 500; x_wconf 90' lang='lat' dir='ltr'>in</span> <span class='ocrx_word' id='word_1_22' title='bbox 312 470 394 500; x_wconf 85' lang='lat' dir='ltr'>hanc</span> <span class='ocrx_word' id='word_1_23' title='bbox 416 480 481 500; x_wconf 85' lang='lat' dir='ltr'>esse</span> <span class='ocrx_word' id='word_1_24' title='bbox 500 469 608 512; x_wconf 80' lang='lat' dir='ltr'>legum</span> <span class='ocrx_word' id='word_1_25' title='bbox 630 469 874 511; x_wconf 85' lang='lat' dir='ltr'>peregrinarum</span> <span class='ocrx_word' id='word_1_26' title='bbox 897 468 1130 500; x_wconf 87' lang='lat' dir='ltr'>auctoritatem.</span> <span class='ocrx_word' id='word_1_27' title='bbox 1157 467 1245 507; x_wconf 89' lang='lat' dir='ltr'>Quid</span> <span class='ocrx_word' id='word_1_28' title='bbox 1265 468 1350 499; x_wconf 89' lang='lat' dir='ltr'>enim</span> <span class='ocrx_word' id='word_1_29' title='bbox 1368 468 1467 510; x_wconf 85' lang='lat' dir='ltr'>magis</span> <span class='ocrx_word' id='word_1_30' title='bbox 1482 467 1596 499; x_wconf 89' lang='lat' dir='ltr'>absur-</span> 
     </span>
     <span class='ocr_line' id='line_1_5' title="bbox 260 521 1596 565; baseline -0.001 -11"><span class='ocrx_word' id='word_1_31' title='bbox 260 523 335 554; x_wconf 84' lang='lat' dir='ltr'>dum</span> <span class='ocrx_word' id='word_1_32' title='bbox 360 523 602 565; x_wconf 77' lang='lat' dir='ltr'>excogitaveris,</span> <span class='ocrx_word' id='word_1_33' title='bbox 623 534 718 564; x_wconf 83' lang='lat' dir='ltr'>quam</span> <span class='ocrx_word' id='word_1_34' title='bbox 741 528 779 553; x_wconf 90' lang='lat' dir='ltr'>ut</span> <span class='ocrx_word' id='word_1_35' title='bbox 801 522 839 553; x_wconf 85' lang='lat' dir='ltr'>ab</span> <span class='ocrx_word' id='word_1_36' title='bbox 860 522 1010 553; x_wconf 67' lang='lat' dir='ltr'>extranea</span> <span class='ocrx_word' id='word_1_37' title='bbox 1032 528 1127 565; x_wconf 83' lang='lat' dir='ltr'>gente</span> <span class='ocrx_word' id='word_1_38' title='bbox 1148 522 1237 554; x_wconf 90' lang='lat' dir='ltr'>hunc</span> <span class='ocrx_word' id='word_1_39' title='bbox 1256 522 1390 554; x_wconf 88' lang='lat' dir='ltr'>illumve</span> <span class='ocrx_word' id='word_1_40' title='bbox 1410 521 1449 552; x_wconf 89' lang='lat' dir='ltr'>ab</span> <span class='ocrx_word' id='word_1_41' title='bbox 1469 522 1504 552; x_wconf 68' lang='lat' dir='ltr'>ea</span> <span class='ocrx_word' id='word_1_42' title='bbox 1519 533 1596 564; x_wconf 90' lang='lat' dir='ltr'>pro-</span> 
     </span>
     <span class='ocr_line' id='line_1_6' title="bbox 261 575 1594 619; baseline -0.001 -12"><span class='ocrx_word' id='word_1_43' title='bbox 261 578 380 608; x_wconf 79' lang='lat' dir='ltr'>fectum</span> <span class='ocrx_word' id='word_1_44' title='bbox 403 578 486 607; x_wconf 87' lang='lat' dir='ltr'>inter</span> <span class='ocrx_word' id='word_1_45' title='bbox 502 577 584 608; x_wconf 57' lang='lat' dir='ltr'>cives</span> <span class='ocrx_word' id='word_1_46' title='bbox 605 582 726 607; x_wconf 86' lang='lat' dir='ltr'>nostros</span> <span class='ocrx_word' id='word_1_47' title='bbox 743 577 884 619; x_wconf 87' lang='lat' dir='ltr'>recipere</span> <span class='ocrx_word' id='word_1_48' title='bbox 906 575 1087 619; x_wconf 82' lang='lat' dir='ltr'><strong>jubeamur.</strong></span> <span class='ocrx_word' id='word_1_49' title='bbox 1108 576 1204 615; x_wconf 88' lang='lat' dir='ltr'>Quod</span> <span class='ocrx_word' id='word_1_50' title='bbox 1218 576 1348 619; x_wconf 89' lang='lat' dir='ltr'>quidem</span> <span class='ocrx_word' id='word_1_51' title='bbox 1370 577 1403 607; x_wconf 87' lang='lat' dir='ltr'>in</span> <span class='ocrx_word' id='word_1_52' title='bbox 1421 575 1515 607; x_wconf 63' lang='lat' dir='ltr'>causa</span> <span class='ocrx_word' id='word_1_53' title='bbox 1531 581 1594 614; x_wconf 85' lang='lat' dir='ltr'>est,</span> 
     </span>
     <span class='ocr_line' id='line_1_7' title="bbox 258 630 1595 673; baseline 0 -12"><span class='ocrx_word' id='word_1_54' title='bbox 258 643 331 669; x_wconf 83' lang='lat' dir='ltr'>cur,</span> <span class='ocrx_word' id='word_1_55' title='bbox 351 632 446 662; x_wconf 87' lang='lat' dir='ltr'>etiam</span> <span class='ocrx_word' id='word_1_56' title='bbox 465 631 489 661; x_wconf 90' lang='lat' dir='ltr'>si</span> <span class='ocrx_word' id='word_1_57' title='bbox 509 636 680 662; x_wconf 84' lang='lat' dir='ltr'>extraneus</span> <span class='ocrx_word' id='word_1_58' title='bbox 701 630 830 673; x_wconf 88' lang='lat' dir='ltr'>quidam</span> <span class='ocrx_word' id='word_1_59' title='bbox 853 642 871 662; x_wconf 92' lang='lat' dir='ltr'>e</span> <span class='ocrx_word' id='word_1_60' title='bbox 892 631 992 672; x_wconf 65' lang='lat' dir='ltr'>patria</span> <span class='ocrx_word' id='word_1_61' title='bbox 1013 631 1155 673; x_wconf 81' lang='lat' dir='ltr'>deposito</span> <span class='ocrx_word' id='word_1_62' title='bbox 1176 631 1334 662; x_wconf 88' lang='lat' dir='ltr'>redeundi</span> <span class='ocrx_word' id='word_1_63' title='bbox 1351 631 1458 661; x_wconf 87' lang='lat' dir='ltr'>animo</span> <span class='ocrx_word' id='word_1_64' title='bbox 1474 630 1595 673; x_wconf 84' lang='lat' dir='ltr'>migra-</span> 
     </span>
     <span class='ocr_line' id='line_1_8' title="bbox 259 683 1596 727; baseline -0.001 -12"><span class='ocrx_word' id='word_1_65' title='bbox 259 684 356 721; x_wconf 76' lang='lat' dir='ltr'>verit,</span> <span class='ocrx_word' id='word_1_66' title='bbox 381 689 414 715; x_wconf 90' lang='lat' dir='ltr'>et</span> <span class='ocrx_word' id='word_1_67' title='bbox 438 684 632 726; x_wconf 71' lang='lat' dir='ltr'>caeteroquin</span> <span class='ocrx_word' id='word_1_68' title='bbox 658 684 815 727; x_wconf 84' lang='lat' dir='ltr'>legitimas</span> <span class='ocrx_word' id='word_1_69' title='bbox 841 684 977 716; x_wconf 77' lang='lat' dir='ltr'>civitatis</span> <span class='ocrx_word' id='word_1_70' title='bbox 1001 684 1139 727; x_wconf 64' lang='lat' dir='ltr'>Belgicae</span> <span class='ocrx_word' id='word_1_71' title='bbox 1163 684 1372 727; x_wconf 76' lang='lat' dir='ltr'>adquirendae</span> <span class='ocrx_word' id='word_1_72' title='bbox 1399 683 1596 715; x_wconf 90' lang='lat' dir='ltr'>conditiones</span> 
     </span>
     <span class='ocr_line' id='line_1_9' title="bbox 258 737 1594 782; baseline 0.001 -15"><span class='ocrx_word' id='word_1_73' title='bbox 258 748 322 768; x_wconf 89' lang='lat' dir='ltr'>non</span> <span class='ocrx_word' id='word_1_74' title='bbox 341 737 537 780; x_wconf 77' lang='lat' dir='ltr'><strong>impleverit,</strong></span> <span class='ocrx_word' id='word_1_75' title='bbox 560 738 705 780; x_wconf 86' lang='lat' dir='ltr'>quamvis</span> <span class='ocrx_word' id='word_1_76' title='bbox 721 738 786 780; x_wconf 86' lang='lat' dir='ltr'>ipse</span> <span class='ocrx_word' id='word_1_77' title='bbox 807 739 918 781; x_wconf 83' lang='lat' dir='ltr'>patriae</span> <span class='ocrx_word' id='word_1_78' title='bbox 939 750 1004 769; x_wconf 79' lang='lat' dir='ltr'>suae</span> <span class='ocrx_word' id='word_1_79' title='bbox 1024 740 1101 771; x_wconf 85' lang='lat' dir='ltr'>civis</span> <span class='ocrx_word' id='word_1_80' title='bbox 1122 750 1188 770; x_wconf 90' lang='lat' dir='ltr'>esse</span> <span class='ocrx_word' id='word_1_81' title='bbox 1204 739 1349 779; x_wconf 77' lang='lat' dir='ltr'><strong>desierit,</strong></span> <span class='ocrx_word' id='word_1_82' title='bbox 1371 738 1470 782; x_wconf 86' lang='lat' dir='ltr'>Belga</span> <span class='ocrx_word' id='word_1_83' title='bbox 1486 744 1594 770; x_wconf 86' lang='lat' dir='ltr'>tamen</span> 
     </span>
     <span class='ocr_line' id='line_1_10' title="bbox 256 792 1596 836; baseline 0.001 -15"><span class='ocrx_word' id='word_1_84' title='bbox 256 792 374 822; x_wconf 88' lang='lat' dir='ltr'>idcirco</span> <span class='ocrx_word' id='word_1_85' title='bbox 401 803 465 823; x_wconf 91' lang='lat' dir='ltr'>non</span> <span class='ocrx_word' id='word_1_86' title='bbox 490 793 553 823; x_wconf 88' lang='lat' dir='ltr'>fiat.</span> <span class='ocrx_word' id='word_1_87' title='bbox 582 792 643 823; x_wconf 92' lang='lat' dir='ltr'>Cui</span> <span class='ocrx_word' id='word_1_88' title='bbox 664 803 861 835; x_wconf 87' lang='lat' dir='ltr'>consequens</span> <span class='ocrx_word' id='word_1_89' title='bbox 884 798 946 832; x_wconf 85' lang='lat' dir='ltr'>est,</span> <span class='ocrx_word' id='word_1_90' title='bbox 969 798 1006 823; x_wconf 88' lang='lat' dir='ltr'>ut</span> <span class='ocrx_word' id='word_1_91' title='bbox 1027 793 1237 824; x_wconf 87' lang='lat' dir='ltr'>nihilominus</span> <span class='ocrx_word' id='word_1_92' title='bbox 1256 794 1324 836; x_wconf 87' lang='lat' dir='ltr'>ipse</span> <span class='ocrx_word' id='word_1_93' title='bbox 1347 804 1364 823; x_wconf 93' lang='lat' dir='ltr'>a</span> <span class='ocrx_word' id='word_1_94' title='bbox 1385 792 1476 823; x_wconf 91' lang='lat' dir='ltr'>nobis</span> <span class='ocrx_word' id='word_1_95' title='bbox 1500 803 1596 835; x_wconf 58' lang='lat' dir='ltr'>perea</span> 
     </span>
     <span class='ocr_line' id='line_1_11' title="bbox 257 845 1595 889; baseline 0.002 -14"><span class='ocrx_word' id='word_1_96' title='bbox 257 846 367 887; x_wconf 80' lang='lat' dir='ltr'>grinus</span> <span class='ocrx_word' id='word_1_97' title='bbox 386 845 558 885; x_wconf 84' lang='lat' dir='ltr'>habeatnr,</span> <span class='ocrx_word' id='word_1_98' title='bbox 582 845 717 889; x_wconf 86' lang='lat' dir='ltr'>ejusque</span> <span class='ocrx_word' id='word_1_99' title='bbox 738 846 877 877; x_wconf 88' lang='lat' dir='ltr'>conditio</span> <span class='ocrx_word' id='word_1_100' title='bbox 896 852 992 889; x_wconf 88' lang='lat' dir='ltr'>atque</span> <span class='ocrx_word' id='word_1_101' title='bbox 1019 846 1165 877; x_wconf 79' lang='lat' dir='ltr'>habilitas</span> <span class='ocrx_word' id='word_1_102' title='bbox 1193 847 1324 878; x_wconf 90' lang='lat' dir='ltr'>minime</span> <span class='ocrx_word' id='word_1_103' title='bbox 1345 847 1470 889; x_wconf 83' lang='lat' dir='ltr'>legibus</span> <span class='ocrx_word' id='word_1_104' title='bbox 1490 846 1595 889; x_wconf 84' lang='lat' dir='ltr'>Belgii</span> 
     </span>
     <span class='ocr_line' id='line_1_12' title="bbox 255 898 1596 943; baseline 0.002 -15"><span class='ocrx_word' id='word_1_105' title='bbox 255 898 482 941; x_wconf 72' lang='lat' dir='ltr'>subjiciantur,</span> <span class='ocrx_word' id='word_1_106' title='bbox 517 911 630 930; x_wconf 86' lang='lat' dir='ltr'>verum</span> <span class='ocrx_word' id='word_1_107' title='bbox 660 906 809 943; x_wconf 89' lang='lat' dir='ltr'>respectu</span> <span class='ocrx_word' id='word_1_108' title='bbox 839 900 877 932; x_wconf 92' lang='lat' dir='ltr'>ad</span> <span class='ocrx_word' id='word_1_109' title='bbox 908 900 1021 943; x_wconf 82' lang='lat' dir='ltr'>Belgas</span> <span class='ocrx_word' id='word_1_110' title='bbox 1053 900 1178 943; x_wconf 83' lang='lat' dir='ltr'>legibus</span> <span class='ocrx_word' id='word_1_111' title='bbox 1208 901 1245 931; x_wconf 91' lang='lat' dir='ltr'>iis</span> <span class='ocrx_word' id='word_1_112' title='bbox 1276 906 1446 943; x_wconf 84' lang='lat' dir='ltr'>regantur,</span> <span class='ocrx_word' id='word_1_113' title='bbox 1478 899 1596 943; x_wconf 86' lang='lat' dir='ltr'>quibus</span> 
     </span>
     <span class='ocr_line' id='line_1_13' title="bbox 256 951 1594 998; baseline 0.002 -17"><span class='ocrx_word' id='word_1_114' title='bbox 256 951 429 982; x_wconf 83' lang='lat' dir='ltr'>submissus</span> <span class='ocrx_word' id='word_1_115' title='bbox 457 958 524 982; x_wconf 83' lang='lat' dir='ltr'>erat</span> <span class='ocrx_word' id='word_1_116' title='bbox 551 959 737 993; x_wconf 73' lang='lat' dir='ltr'>extraneus,</span> <span class='ocrx_word' id='word_1_117' title='bbox 757 955 945 997; x_wconf 81' lang='lat' dir='ltr'>priusquam</span> <span class='ocrx_word' id='word_1_118' title='bbox 964 956 1098 995; x_wconf 86' lang='lat' dir='ltr'>patriam</span> <span class='ocrx_word' id='word_1_119' title='bbox 1123 966 1213 986; x_wconf 88' lang='lat' dir='ltr'>suam</span> <span class='ocrx_word' id='word_1_120' title='bbox 1233 955 1417 998; x_wconf 82' lang='lat' dir='ltr'>reliquerat.</span> <span class='ocrx_word' id='word_1_121' title='bbox 1439 954 1594 996; x_wconf 85' lang='lat' dir='ltr'>(Merlin,</span> 
     </span>
    </p>
   </div>
   <div class='ocr_carea' id='block_1_3' title="bbox 254 1005 867 1050">
    <p class='ocr_par' dir='ltr' id='par_1_3' title="bbox 254 1005 867 1050">
     <span class='ocr_line' id='line_1_14' title="bbox 254 1005 867 1050; baseline 0.005 -15"><span class='ocrx_word' id='word_1_122' title='bbox 254 1005 356 1046; x_wconf 53' lang='lat' dir='ltr'>Be&#39;p„</span> <span class='ocrx_word' id='word_1_123' title='bbox 381 1013 426 1038; x_wconf 61' lang='grc' dir='ltr'>νῦ.</span> <span class='ocrx_word' id='word_1_124' title='bbox 449 1006 621 1050; x_wconf 85' lang='lat' dir='ltr'>Etranger,</span> <span class='ocrx_word' id='word_1_125' title='bbox 644 1007 660 1048; x_wconf 55' lang='grc' dir='ltr'><em>ᾗ</em></span> <span class='ocrx_word' id='word_1_126' title='bbox 680 1008 709 1046; x_wconf 84' lang='grc' dir='ltr'>Ι,</span> <span class='ocrx_word' id='word_1_127' title='bbox 735 1019 767 1038; x_wconf 92' lang='lat' dir='ltr'>n.</span> <span class='ocrx_word' id='word_1_128' title='bbox 792 1008 867 1050; x_wconf 85' lang='lat'>10).</span> 
     </span>
    </p>
   </div>
   <div class='ocr_carea' id='block_1_4' title="bbox 250 1112 1595 1750">
    <p class='ocr_par' dir='ltr' id='par_1_4' title="bbox 251 1112 1595 1426">
     <span class='ocr_line' id='line_1_15' title="bbox 297 1112 1595 1158; baseline 0.001 -16"><span class='ocrx_word' id='word_1_129' title='bbox 297 1112 402 1143; x_wconf 81' lang='lat' dir='ltr'><strong>XVII.</strong></span> <span class='ocrx_word' id='word_1_130' title='bbox 428 1113 615 1146; x_wconf 80' lang='lat' dir='ltr'>Cavendum</span> <span class='ocrx_word' id='word_1_131' title='bbox 643 1120 767 1155; x_wconf 82' lang='lat' dir='ltr'>tamen,</span> <span class='ocrx_word' id='word_1_132' title='bbox 793 1126 834 1146; x_wconf 92' lang='lat' dir='ltr'>ne</span> <span class='ocrx_word' id='word_1_133' title='bbox 856 1116 928 1158; x_wconf 88' lang='lat' dir='ltr'>quis</span> <span class='ocrx_word' id='word_1_134' title='bbox 942 1115 1105 1158; x_wconf 82' lang='lat' dir='ltr'>regulam,</span> <span class='ocrx_word' id='word_1_135' title='bbox 1131 1115 1237 1146; x_wconf 83' lang='lat' dir='ltr'>statim</span> <span class='ocrx_word' id='word_1_136' title='bbox 1257 1114 1424 1152; x_wconf 79' lang='lat' dir='ltr'>traditam,</span> <span class='ocrx_word' id='word_1_137' title='bbox 1449 1113 1489 1144; x_wconf 91' lang='lat' dir='ltr'>de</span> <span class='ocrx_word' id='word_1_138' title='bbox 1509 1118 1595 1143; x_wconf 86' lang='lat' dir='ltr'>statu</span> 
     </span>
     <span class='ocr_line' id='line_1_16' title="bbox 254 1166 1595 1212; baseline 0.001 -16"><span class='ocrx_word' id='word_1_139' title='bbox 254 1170 351 1208; x_wconf 85' lang='lat' dir='ltr'>atque</span> <span class='ocrx_word' id='word_1_140' title='bbox 367 1167 541 1209; x_wconf 82' lang='lat' dir='ltr'>capacitate</span> <span class='ocrx_word' id='word_1_141' title='bbox 558 1174 785 1201; x_wconf 78' lang='lat' dir='ltr'>extraneorum</span> <span class='ocrx_word' id='word_1_142' title='bbox 801 1169 927 1212; x_wconf 84' lang='lat' dir='ltr'>legibus</span> <span class='ocrx_word' id='word_1_143' title='bbox 942 1180 1053 1200; x_wconf 88' lang='lat' dir='ltr'>eorum</span> <span class='ocrx_word' id='word_1_144' title='bbox 1075 1170 1190 1212; x_wconf 85' lang='lat' dir='ltr'>patriis.</span> <span class='ocrx_word' id='word_1_145' title='bbox 1201 1168 1340 1211; x_wconf 62' lang='lat' dir='ltr'>regenda</span> <span class='ocrx_word' id='word_1_146' title='bbox 1356 1168 1453 1210; x_wconf 72' lang='lat' dir='ltr'>rigori</span> <span class='ocrx_word' id='word_1_147' title='bbox 1469 1166 1548 1210; x_wconf 84' lang='lat' dir='ltr'>juris</span> <span class='ocrx_word' id='word_1_148' title='bbox 1563 1172 1595 1197; x_wconf 89' lang='lat' dir='ltr'>et</span> 
     </span>
     <span class='ocr_line' id='line_1_17' title="bbox 253 1220 1592 1266; baseline 0 -16"><span class='ocrx_word' id='word_1_149' title='bbox 253 1231 385 1251; x_wconf 73' lang='lat' dir='ltr'>summae</span> <span class='ocrx_word' id='word_1_150' title='bbox 411 1222 573 1264; x_wconf 82' lang='lat' dir='ltr'>potestati,</span> <span class='ocrx_word' id='word_1_151' title='bbox 599 1234 697 1265; x_wconf 85' lang='lat' dir='ltr'>quam</span> <span class='ocrx_word' id='word_1_152' title='bbox 723 1224 860 1266; x_wconf 88' lang='lat' dir='ltr'>quisque</span> <span class='ocrx_word' id='word_1_153' title='bbox 880 1224 1041 1266; x_wconf 85' lang='lat' dir='ltr'>imperans</span> <span class='ocrx_word' id='word_1_154' title='bbox 1066 1223 1100 1254; x_wconf 90' lang='lat' dir='ltr'>in</span> <span class='ocrx_word' id='word_1_155' title='bbox 1127 1222 1286 1261; x_wconf 88' lang='lat' dir='ltr'>subditos,</span> <span class='ocrx_word' id='word_1_156' title='bbox 1314 1222 1410 1253; x_wconf 83' lang='lat' dir='ltr'>etiam</span> <span class='ocrx_word' id='word_1_157' title='bbox 1432 1222 1465 1252; x_wconf 91' lang='lat' dir='ltr'>in</span> <span class='ocrx_word' id='word_1_158' title='bbox 1488 1220 1592 1251; x_wconf 86' lang='lat' dir='ltr'>alieno</span> 
     </span>
     <span class='ocr_line' id='line_1_18' title="bbox 252 1274 1593 1320; baseline 0.002 -17"><span class='ocrx_word' id='word_1_159' title='bbox 252 1274 411 1305; x_wconf 86' lang='lat' dir='ltr'>territorio</span> <span class='ocrx_word' id='word_1_160' title='bbox 434 1281 609 1315; x_wconf 83' lang='lat' dir='ltr'>versantes,</span> <span class='ocrx_word' id='word_1_161' title='bbox 632 1275 744 1316; x_wconf 87' lang='lat' dir='ltr'>habet,</span> <span class='ocrx_word' id='word_1_162' title='bbox 767 1276 1007 1308; x_wconf 87' lang='lat' dir='ltr'>adscribendam</span> <span class='ocrx_word' id='word_1_163' title='bbox 1030 1283 1140 1320; x_wconf 83' lang='lat' dir='ltr'>putet,</span> <span class='ocrx_word' id='word_1_164' title='bbox 1163 1289 1264 1320; x_wconf 88' lang='lat' dir='ltr'>quum</span> <span class='ocrx_word' id='word_1_165' title='bbox 1281 1288 1317 1308; x_wconf 91' lang='lat' dir='ltr'>ea</span> <span class='ocrx_word' id='word_1_166' title='bbox 1332 1276 1458 1308; x_wconf 87' lang='lat' dir='ltr'>nonnisi</span> <span class='ocrx_word' id='word_1_167' title='bbox 1478 1286 1516 1307; x_wconf 85' lang='lat' dir='ltr'>ex</span> <span class='ocrx_word' id='word_1_168' title='bbox 1538 1287 1593 1307; x_wconf 81' lang='lat' dir='ltr'>co-</span> 
     </span>
     <span class='ocr_line' id='line_1_19' title="bbox 252 1327 1593 1373; baseline 0.002 -16"><span class='ocrx_word' id='word_1_169' title='bbox 252 1327 363 1358; x_wconf 86' lang='lat' dir='ltr'>mitate</span> <span class='ocrx_word' id='word_1_170' title='bbox 387 1329 490 1370; x_wconf 84' lang='lat' dir='ltr'>gentis</span> <span class='ocrx_word' id='word_1_171' title='bbox 515 1339 589 1371; x_wconf 82' lang='lat' dir='ltr'>erga</span> <span class='ocrx_word' id='word_1_172' title='bbox 613 1335 742 1371; x_wconf 86' lang='lat' dir='ltr'>gentem</span> <span class='ocrx_word' id='word_1_173' title='bbox 768 1329 937 1372; x_wconf 78' lang='lat' dir='ltr'>procedat3</span> <span class='ocrx_word' id='word_1_174' title='bbox 970 1329 1114 1373; x_wconf 85' lang='lat' dir='ltr'>adeoque</span> <span class='ocrx_word' id='word_1_175' title='bbox 1138 1331 1266 1362; x_wconf 88' lang='lat' dir='ltr'>nonnisi</span> <span class='ocrx_word' id='word_1_176' title='bbox 1290 1331 1324 1361; x_wconf 91' lang='lat' dir='ltr'>in</span> <span class='ocrx_word' id='word_1_177' title='bbox 1348 1330 1437 1362; x_wconf 61' lang='lat' dir='ltr'>mera</span> <span class='ocrx_word' id='word_1_178' title='bbox 1464 1329 1593 1373; x_wconf 87' lang='lat' dir='ltr'>imperii</span> 
     </span>
     <span class='ocr_line' id='line_1_20' title="bbox 251 1381 1038 1426; baseline 0.006 -16"><span class='ocrx_word' id='word_1_179' title='bbox 251 1381 350 1412; x_wconf 85' lang='lat' dir='ltr'>nostri</span> <span class='ocrx_word' id='word_1_180' title='bbox 373 1381 465 1413; x_wconf 66' lang='lat' dir='ltr'>venia</span> <span class='ocrx_word' id='word_1_181' title='bbox 489 1388 585 1425; x_wconf 89' lang='lat' dir='ltr'>atque</span> <span class='ocrx_word' id='word_1_182' title='bbox 605 1383 807 1426; x_wconf 65' lang='lat' dir='ltr'>indulgentia</span> <span class='ocrx_word' id='word_1_183' title='bbox 829 1384 870 1414; x_wconf 88' lang='lat' dir='ltr'>sit</span> <span class='ocrx_word' id='word_1_184' title='bbox 892 1383 1038 1415; x_wconf 83' lang='lat' dir='ltr'>fundata.</span> 
     </span>
    </p>

    <p class='ocr_par' dir='ltr' id='par_1_5' title="bbox 250 1434 1594 1750">
     <span class='ocr_line' id='line_1_21' title="bbox 295 1434 1593 1480; baseline 0.004 -16"><span class='ocrx_word' id='word_1_185' title='bbox 295 1434 327 1464; x_wconf 90' lang='lat' dir='ltr'>Si</span> <span class='ocrx_word' id='word_1_186' title='bbox 348 1435 433 1466; x_wconf 89' lang='lat' dir='ltr'>enim</span> <span class='ocrx_word' id='word_1_187' title='bbox 456 1436 489 1466; x_wconf 93' lang='lat' dir='ltr'>in</span> <span class='ocrx_word' id='word_1_188' title='bbox 512 1436 598 1468; x_wconf 90' lang='lat' dir='ltr'>hisce</span> <span class='ocrx_word' id='word_1_189' title='bbox 614 1438 770 1468; x_wconf 83' lang='lat' dir='ltr'>rationem</span> <span class='ocrx_word' id='word_1_190' title='bbox 790 1437 970 1468; x_wconf 86' lang='lat' dir='ltr'>naturalem</span> <span class='ocrx_word' id='word_1_191' title='bbox 988 1437 1085 1468; x_wconf 83' lang='lat' dir='ltr'>solam</span> <span class='ocrx_word' id='word_1_192' title='bbox 1102 1438 1367 1477; x_wconf 85' lang='lat' dir='ltr'>consideraverit,</span> <span class='ocrx_word' id='word_1_193' title='bbox 1387 1439 1527 1480; x_wconf 86' lang='lat' dir='ltr'>reperiet</span> <span class='ocrx_word' id='word_1_194' title='bbox 1541 1437 1593 1468; x_wconf 84' lang='lat' dir='ltr'>hic</span> 
     </span>
     <span class='ocr_line' id='line_1_22' title="bbox 250 1490 1594 1535; baseline 0.004 -17"><span class='ocrx_word' id='word_1_195' title='bbox 250 1499 315 1518; x_wconf 87' lang='lat' dir='ltr'>non</span> <span class='ocrx_word' id='word_1_196' title='bbox 342 1499 432 1520; x_wconf 86' lang='lat' dir='ltr'>secus</span> <span class='ocrx_word' id='word_1_197' title='bbox 455 1495 551 1532; x_wconf 85' lang='lat' dir='ltr'>atque</span> <span class='ocrx_word' id='word_1_198' title='bbox 567 1490 641 1521; x_wconf 89' lang='lat' dir='ltr'>alibi</span> <span class='ocrx_word' id='word_1_199' title='bbox 664 1492 773 1534; x_wconf 82' lang='lat' dir='ltr'>vigere</span> <span class='ocrx_word' id='word_1_200' title='bbox 794 1491 971 1531; x_wconf 84' lang='lat' dir='ltr'>dictamen,</span> <span class='ocrx_word' id='word_1_201' title='bbox 997 1497 1086 1523; x_wconf 63' lang='lat' dir='ltr'>extra</span> <span class='ocrx_word' id='word_1_202' title='bbox 1107 1492 1304 1523; x_wconf 83' lang='lat' dir='ltr'>territorium</span> <span class='ocrx_word' id='word_1_203' title='bbox 1321 1491 1370 1535; x_wconf 85' lang='lat' dir='ltr'>jus</span> <span class='ocrx_word' id='word_1_204' title='bbox 1391 1492 1510 1523; x_wconf 86' lang='lat' dir='ltr'>dicenti</span> <span class='ocrx_word' id='word_1_205' title='bbox 1530 1493 1594 1523; x_wconf 87' lang='lat' dir='ltr'>im-</span> 
     </span>
     <span class='ocr_line' id='line_1_23' title="bbox 250 1545 1593 1588; baseline 0.003 -16"><span class='ocrx_word' id='word_1_206' title='bbox 250 1553 338 1584; x_wconf 87' lang='lat' dir='ltr'>pune</span> <span class='ocrx_word' id='word_1_207' title='bbox 359 1554 423 1573; x_wconf 90' lang='lat' dir='ltr'>non</span> <span class='ocrx_word' id='word_1_208' title='bbox 449 1545 565 1586; x_wconf 84' lang='lat' dir='ltr'>pareri.</span> <span class='ocrx_word' id='word_1_209' title='bbox 592 1545 688 1576; x_wconf 87' lang='lat' dir='ltr'>Unde</span> <span class='ocrx_word' id='word_1_210' title='bbox 710 1545 884 1576; x_wconf 85' lang='lat' dir='ltr'>dicendum</span> <span class='ocrx_word' id='word_1_211' title='bbox 907 1551 970 1585; x_wconf 80' lang='lat' dir='ltr'>est,</span> <span class='ocrx_word' id='word_1_212' title='bbox 995 1545 1082 1576; x_wconf 89' lang='lat' dir='ltr'>illam</span> <span class='ocrx_word' id='word_1_213' title='bbox 1105 1545 1278 1588; x_wconf 86' lang='lat' dir='ltr'>personalis</span> <span class='ocrx_word' id='word_1_214' title='bbox 1299 1547 1408 1576; x_wconf 81' lang='lat' dir='ltr'>statuti</span> <span class='ocrx_word' id='word_1_215' title='bbox 1431 1547 1593 1577; x_wconf 80' lang='lat' dir='ltr'>extensio-</span> 
     </span>
     <span class='ocr_line' id='line_1_24' title="bbox 252 1597 1593 1643; baseline 0.004 -18"><span class='ocrx_word' id='word_1_216' title='bbox 252 1607 326 1626; x_wconf 88' lang='lat' dir='ltr'>nem</span> <span class='ocrx_word' id='word_1_217' title='bbox 353 1597 479 1627; x_wconf 87' lang='lat' dir='ltr'>nonnisi</span> <span class='ocrx_word' id='word_1_218' title='bbox 500 1609 539 1628; x_wconf 80' lang='lat' dir='ltr'>ex</span> <span class='ocrx_word' id='word_1_219' title='bbox 568 1598 682 1630; x_wconf 60' lang='lat' dir='ltr'>mutua</span> <span class='ocrx_word' id='word_1_220' title='bbox 705 1599 851 1641; x_wconf 84' lang='lat' dir='ltr'>gentium</span> <span class='ocrx_word' id='word_1_221' title='bbox 873 1598 1096 1630; x_wconf 69' lang='lat' dir='ltr'>benevolentia</span> <span class='ocrx_word' id='word_1_222' title='bbox 1121 1605 1223 1631; x_wconf 86' lang='lat' dir='ltr'>ortam</span> <span class='ocrx_word' id='word_1_223' title='bbox 1245 1611 1328 1639; x_wconf 62' lang='lat' dir='ltr'>esse,</span> <span class='ocrx_word' id='word_1_224' title='bbox 1357 1601 1508 1643; x_wconf 87' lang='lat' dir='ltr'>quoniam</span> <span class='ocrx_word' id='word_1_225' title='bbox 1535 1600 1593 1632; x_wconf 89' lang='lat' dir='ltr'>ab—</span> 
     </span>
     <span class='ocr_line' id='line_1_25' title="bbox 250 1649 1592 1697; baseline 0.004 -17"><span class='ocrx_word' id='word_1_226' title='bbox 250 1649 384 1681; x_wconf 89' lang='lat' dir='ltr'>surdum</span> <span class='ocrx_word' id='word_1_227' title='bbox 412 1657 444 1682; x_wconf 92' lang='lat' dir='ltr'>et</span> <span class='ocrx_word' id='word_1_228' title='bbox 470 1652 576 1682; x_wconf 88' lang='lat' dir='ltr'>nimiis</span> <span class='ocrx_word' id='word_1_229' title='bbox 602 1652 842 1684; x_wconf 80' lang='lat' dir='ltr'>difficultatibus</span> <span class='ocrx_word' id='word_1_230' title='bbox 872 1653 1046 1685; x_wconf 74' lang='lat' dir='ltr'>obnoxium</span> <span class='ocrx_word' id='word_1_231' title='bbox 1075 1654 1179 1685; x_wconf 82' lang='lat' dir='ltr'>visum</span> <span class='ocrx_word' id='word_1_232' title='bbox 1206 1659 1269 1694; x_wconf 84' lang='lat' dir='ltr'>est,</span> <span class='ocrx_word' id='word_1_233' title='bbox 1299 1660 1336 1685; x_wconf 89' lang='lat' dir='ltr'>ut</span> <span class='ocrx_word' id='word_1_234' title='bbox 1364 1655 1435 1697; x_wconf 88' lang='lat' dir='ltr'>quis</span> <span class='ocrx_word' id='word_1_235' title='bbox 1463 1654 1516 1685; x_wconf 86' lang='lat' dir='ltr'>hic</span> <span class='ocrx_word' id='word_1_236' title='bbox 1542 1651 1592 1685; x_wconf 84' lang='lat' dir='ltr'>sui</span> 
     </span>
     <span class='ocr_line' id='line_1_26' title="bbox 252 1702 1135 1750; baseline 0.008 -17"><span class='ocrx_word' id='word_1_237' title='bbox 252 1702 345 1747; x_wconf 81' lang='lat' dir='ltr'>juris,</span> <span class='ocrx_word' id='word_1_238' title='bbox 367 1704 432 1735; x_wconf 92' lang='lat' dir='ltr'>illic</span> <span class='ocrx_word' id='word_1_239' title='bbox 452 1705 512 1736; x_wconf 90' lang='lat' dir='ltr'>sub</span> <span class='ocrx_word' id='word_1_240' title='bbox 532 1706 633 1749; x_wconf 65' lang='lat' dir='ltr'>patria</span> <span class='ocrx_word' id='word_1_241' title='bbox 655 1713 810 1750; x_wconf 86' lang='lat' dir='ltr'>potestate</span> <span class='ocrx_word' id='word_1_242' title='bbox 833 1709 1024 1740; x_wconf 81' lang='lat' dir='ltr'>constitutus</span> <span class='ocrx_word' id='word_1_243' title='bbox 1045 1715 1135 1740; x_wconf 53' lang='lat' dir='ltr'>esset-</span> 
     </span>
    </p>
   </div>
   <div class='ocr_carea' id='block_1_5' title="bbox 252 1810 1592 2131">
    <p class='ocr_par' dir='ltr' id='par_1_6' title="bbox 252 1810 1592 2131">
     <span class='ocr_line' id='line_1_27' title="bbox 296 1810 1592 1857; baseline 0.005 -16"><span class='ocrx_word' id='word_1_244' title='bbox 296 1810 414 1842; x_wconf 80' lang='lat' dir='ltr'>XVIII.</span> <span class='ocrx_word' id='word_1_245' title='bbox 453 1811 630 1856; x_wconf 86' lang='lat' dir='ltr'>Hucusque</span> <span class='ocrx_word' id='word_1_246' title='bbox 663 1813 702 1845; x_wconf 93' lang='lat' dir='ltr'>de</span> <span class='ocrx_word' id='word_1_247' title='bbox 732 1825 940 1857; x_wconf 81' lang='lat' dir='ltr'>personarum</span> <span class='ocrx_word' id='word_1_248' title='bbox 973 1814 1154 1846; x_wconf 88' lang='lat' dir='ltr'>conditione</span> <span class='ocrx_word' id='word_1_249' title='bbox 1182 1819 1214 1846; x_wconf 86' lang='lat' dir='ltr'>et</span> <span class='ocrx_word' id='word_1_250' title='bbox 1243 1814 1407 1847; x_wconf 81' lang='lat' dir='ltr'>habilitate</span> <span class='ocrx_word' id='word_1_251' title='bbox 1440 1815 1478 1846; x_wconf 85' lang='lat' dir='ltr'>ad</span> <span class='ocrx_word' id='word_1_252' title='bbox 1502 1821 1592 1848; x_wconf 86' lang='lat' dir='ltr'>actus</span> 
     </span>
     <span class='ocr_line' id='line_1_28' title="bbox 252 1864 1590 1911; baseline 0.005 -17"><span class='ocrx_word' id='word_1_253' title='bbox 252 1864 404 1906; x_wconf 83' lang='lat' dir='ltr'>quosdam</span> <span class='ocrx_word' id='word_1_254' title='bbox 428 1877 516 1897; x_wconf 90' lang='lat' dir='ltr'>mere</span> <span class='ocrx_word' id='word_1_255' title='bbox 538 1867 719 1910; x_wconf 87' lang='lat' dir='ltr'>personales</span> <span class='ocrx_word' id='word_1_256' title='bbox 744 1868 908 1911; x_wconf 80' lang='lat' dir='ltr'>gerendos.</span> <span class='ocrx_word' id='word_1_257' title='bbox 939 1868 1010 1900; x_wconf 82' lang='lat' dir='ltr'>Jam</span> <span class='ocrx_word' id='word_1_258' title='bbox 1037 1869 1075 1900; x_wconf 87' lang='lat' dir='ltr'>de</span> <span class='ocrx_word' id='word_1_259' title='bbox 1099 1869 1264 1901; x_wconf 83' lang='lat' dir='ltr'>habilitate</span> <span class='ocrx_word' id='word_1_260' title='bbox 1292 1869 1332 1901; x_wconf 90' lang='lat' dir='ltr'>ad</span> <span class='ocrx_word' id='word_1_261' title='bbox 1357 1876 1446 1901; x_wconf 83' lang='lat' dir='ltr'>actus</span> <span class='ocrx_word' id='word_1_262' title='bbox 1472 1870 1590 1909; x_wconf 85' lang='lat' dir='ltr'>reales,</span> 
     </span>
     <span class='ocr_line' id='line_1_29' title="bbox 252 1918 1590 1967; baseline 0.005 -19"><span class='ocrx_word' id='word_1_263' title='bbox 252 1918 309 1960; x_wconf 90' lang='lat' dir='ltr'>qui</span> <span class='ocrx_word' id='word_1_264' title='bbox 336 1918 498 1951; x_wconf 84' lang='lat' dir='ltr'>dicuntur.</span> <span class='ocrx_word' id='word_1_265' title='bbox 526 1921 626 1964; x_wconf 86' lang='lat' dir='ltr'>Leges</span> <span class='ocrx_word' id='word_1_266' title='bbox 651 1933 701 1953; x_wconf 87' lang='lat' dir='ltr'>res</span> <span class='ocrx_word' id='word_1_267' title='bbox 720 1922 939 1966; x_wconf 86' lang='lat' dir='ltr'>principaliter</span> <span class='ocrx_word' id='word_1_268' title='bbox 961 1923 1148 1964; x_wconf 83' lang='lat' dir='ltr'>afficientes,</span> <span class='ocrx_word' id='word_1_269' title='bbox 1173 1930 1205 1955; x_wconf 88' lang='lat' dir='ltr'>et</span> <span class='ocrx_word' id='word_1_270' title='bbox 1226 1923 1265 1955; x_wconf 89' lang='lat' dir='ltr'>de</span> <span class='ocrx_word' id='word_1_271' title='bbox 1286 1924 1323 1954; x_wconf 86' lang='lat' dir='ltr'>iis</span> <span class='ocrx_word' id='word_1_272' title='bbox 1345 1923 1466 1967; x_wconf 79' lang='lat' dir='ltr'>aliquid</span> <span class='ocrx_word' id='word_1_273' title='bbox 1483 1923 1590 1967; x_wconf 89' lang='lat' dir='ltr'>dispo-</span> 
     </span>
     <span class='ocr_line' id='line_1_30' title="bbox 253 1975 1589 2020; baseline 0.006 -19"><span class='ocrx_word' id='word_1_274' title='bbox 253 1977 382 2012; x_wconf 81' lang='lat' dir='ltr'>nentes,</span> <span class='ocrx_word' id='word_1_275' title='bbox 404 1975 508 2005; x_wconf 89' lang='lat' dir='ltr'>omnia</span> <span class='ocrx_word' id='word_1_276' title='bbox 528 1981 646 2018; x_wconf 80' lang='lat' dir='ltr'>regunt</span> <span class='ocrx_word' id='word_1_277' title='bbox 665 1977 698 2006; x_wconf 90' lang='lat' dir='ltr'>in</span> <span class='ocrx_word' id='word_1_278' title='bbox 718 1977 876 2008; x_wconf 87' lang='lat' dir='ltr'>territorio</span> <span class='ocrx_word' id='word_1_279' title='bbox 896 1977 1083 2020; x_wconf 83' lang='lat' dir='ltr'>legislatoris</span> <span class='ocrx_word' id='word_1_280' title='bbox 1103 1978 1281 2009; x_wconf 75' lang='lat' dir='ltr'>existentia.</span> <span class='ocrx_word' id='word_1_281' title='bbox 1307 1977 1431 2010; x_wconf 87' lang='lat' dir='ltr'>Verum</span> <span class='ocrx_word' id='word_1_282' title='bbox 1457 1979 1589 2009; x_wconf 87' lang='lat' dir='ltr'>comiter</span> 
     </span>
     <span class='ocr_line' id='line_1_31' title="bbox 252 2027 1588 2074; baseline 0.004 -17"><span class='ocrx_word' id='word_1_283' title='bbox 252 2027 336 2058; x_wconf 90' lang='lat' dir='ltr'>inter</span> <span class='ocrx_word' id='word_1_284' title='bbox 356 2028 492 2071; x_wconf 81' lang='lat' dir='ltr'>Europae</span> <span class='ocrx_word' id='word_1_285' title='bbox 513 2030 646 2072; x_wconf 86' lang='lat' dir='ltr'>populos</span> <span class='ocrx_word' id='word_1_286' title='bbox 667 2037 833 2074; x_wconf 83' lang='lat' dir='ltr'>receptum</span> <span class='ocrx_word' id='word_1_287' title='bbox 849 2038 911 2071; x_wconf 88' lang='lat' dir='ltr'>est,</span> <span class='ocrx_word' id='word_1_288' title='bbox 935 2039 971 2063; x_wconf 89' lang='lat' dir='ltr'>ut</span> <span class='ocrx_word' id='word_1_289' title='bbox 990 2044 1039 2064; x_wconf 82' lang='lat' dir='ltr'>res</span> <span class='ocrx_word' id='word_1_290' title='bbox 1060 2031 1206 2071; x_wconf 75' lang='lat' dir='ltr'>mobiles,</span> <span class='ocrx_word' id='word_1_291' title='bbox 1229 2043 1301 2074; x_wconf 89' lang='lat' dir='ltr'>quae</span> <span class='ocrx_word' id='word_1_292' title='bbox 1318 2038 1404 2063; x_wconf 88' lang='lat' dir='ltr'>certo</span> <span class='ocrx_word' id='word_1_293' title='bbox 1419 2031 1588 2074; x_wconf 86' lang='lat' dir='ltr'>stabilique</span> 
     </span>
     <span class='ocr_line' id='line_1_32' title="bbox 252 2082 1587 2131; baseline 0.004 -20"><span class='ocrx_word' id='word_1_294' title='bbox 252 2082 315 2113; x_wconf 86' lang='lat' dir='ltr'>situ</span> <span class='ocrx_word' id='word_1_295' title='bbox 336 2088 461 2123; x_wconf 84' lang='lat' dir='ltr'>carent,</span> <span class='ocrx_word' id='word_1_296' title='bbox 484 2083 626 2127; x_wconf 89' lang='lat' dir='ltr'>adeoque</span> <span class='ocrx_word' id='word_1_297' title='bbox 645 2084 711 2116; x_wconf 89' lang='lat' dir='ltr'>illic</span> <span class='ocrx_word' id='word_1_298' title='bbox 730 2096 796 2118; x_wconf 86' lang='lat' dir='ltr'>esse</span> <span class='ocrx_word' id='word_1_299' title='bbox 817 2086 1060 2131; x_wconf 80' lang='lat' dir='ltr'>intelliguntur,</span> <span class='ocrx_word' id='word_1_300' title='bbox 1084 2086 1139 2120; x_wconf 90' lang='lat' dir='ltr'>ubi</span> <span class='ocrx_word' id='word_1_301' title='bbox 1155 2098 1266 2119; x_wconf 86' lang='lat' dir='ltr'>earum</span> <span class='ocrx_word' id='word_1_302' title='bbox 1285 2086 1434 2119; x_wconf 85' lang='lat' dir='ltr'>dominus</span> <span class='ocrx_word' id='word_1_303' title='bbox 1451 2086 1587 2118; x_wconf 83' lang='lat' dir='ltr'>domici-</span> 
     </span>
    </p>
   </div>
  </div>
 </body>
</html>
