1747 2620
897 267 1012 311 (20)

326 345 399 376 XII.
430 344 514 377 Illud
535 350 642 376 autem
669 344 835 387 egregium
857 341 1034 374 incolarum
1055 340 1105 385 jus
1129 349 1287 386 perpetuo
1320 355 1457 387 regnum
1486 343 1616 376 inhabi-

282 399 386 439 tandi,
402 399 537 444 juraque
552 399 628 430 hinc
643 398 870 441 dependentia,
892 407 986 428 omne
1003 396 1203 428 constituunt
1218 397 1388 429 discrimen
1405 397 1476 443 jure
1492 398 1616 430 Ganco

283 454 410 484 incolas
433 454 516 484 inter
538 459 570 483 et
587 453 780 495 peregrinos
802 450 989 482 stabilitum.
1020 450 1186 494 Peregrini
1213 452 1299 483 enim
1324 453 1432 484 stricte
1455 453 1499 484 sic
1522 453 1615 492 dicti,

281 508 313 539 id
340 514 406 547 est,
433 519 542 539 omnes
569 507 625 549 qui
647 507 772 538 veniam
793 504 945 536 domicilii
973 505 1005 534 in
1031 503 1142 547 Belgio
1166 506 1381 537 constituendi
1408 518 1425 538 a
1450 517 1525 549 rege
1551 517 1616 537 non

281 562 511 604 impetrarunt,
537 560 627 591 nullo
648 559 718 603 jure
738 558 880 602 gaudent
901 558 986 601 apud
1006 570 1061 589 nos
1078 570 1187 591 rerum
1206 572 1338 592 suarum
1354 561 1460 592 sedem
1480 561 1617 592 colloca-

282 622 345 646 tam
368 615 525 655 habendi,
553 613 638 657 quod
658 614 682 645 si
702 614 808 646 facere
829 625 893 644 non
915 613 1163 656 prohibeantur,
1193 615 1225 645 id
1248 615 1384 646 civitatis
1402 615 1617 657 indulgentiae

280 675 313 701 et
332 669 493 709 comitati,
519 668 705 700 nullatenus
732 668 859 699 cuidam
885 666 954 711 ejus
980 667 1080 698 ossicio
1104 667 1241 711 juridico
1268 668 1446 700 adscribere
1472 674 1614 712 possunt.

282 723 378 761 Quod
399 734 501 765 quum
520 723 562 753 ita
581 723 636 761 sit,
653 721 734 752 nihil
750 721 899 764 impedit,
921 722 1093 764 quominus
1106 722 1216 753 civitas
1231 728 1354 762 nostra,
1375 724 1617 766 quamprimum

281 777 436 816 voluerit,
461 776 541 820 juris
561 776 611 807 sui
630 775 827 806 territorialis
848 775 1069 818 plenissimum
1094 786 1188 806 usum
1209 776 1371 817 instituat,
1402 787 1519 819 eosque
1540 777 1617 808 uni-

280 842 385 863 versos
407 836 463 861 aut
485 829 626 871 singulos
647 830 806 860 territorio
827 829 940 861 cedere
963 835 1063 871 cogat.

325 884 409 915 Huic
432 895 508 916 vero
528 883 693 914 sententiae
716 882 849 924 plurimi
869 894 902 914 se
921 889 1106 926 opponunt,
1130 883 1223 915 variis
1243 894 1312 915 eam
1333 885 1531 927 argumentis
1553 884 1617 916 im·-

280 943 472 980 pugnantes.

323 991 468 1021 Primum
491 991 578 1020 enim
595 989 750 1031 allegant,
772 999 842 1019 eam
864 998 930 1018 esse
946 993 1005 1018 art.
1024 988 1055 1028 4.
1073 989 1108 1018 L.
1127 989 1150 1019 f.
1168 989 1252 1028 vim,
1275 996 1312 1020 ut
1330 992 1475 1021 extranei
1495 991 1612 1032 plenis-

279 1045 357 1075 sime
380 1056 454 1075 cum
478 1044 584 1087 Belgis
605 1045 863 1086 aequiparentur,
888 1048 957 1074 tum
979 1042 1083 1085 quoad
1103 1042 1174 1086 jura
1195 1048 1271 1074 a1·t.⁰
1298 1042 1351 1073 illo
1368 1042 1427 1073 sibi
1450 1053 1593 1073 concessa
1608 1067 1616 1082 ,

279 1105 350 1130 tum
373 1098 476 1141 quoad
501 1098 632 1129 modum
658 1109 693 1129 ea
720 1097 791 1142 jura
815 1096 1000 1135 amittendi,
1032 1096 1190 1139 ideoque,
1222 1108 1324 1139 quum
1354 1096 1461 1137 Belgae
1486 1108 1551 1128 non
1576 1107 1616 1128 ex

280 1154 363 1196 regis
387 1152 516 1184 arbitrio
537 1152 655 1195 expelli
675 1163 692 1184 e
714 1151 872 1183 territorio
894 1150 1025 1193 Belgico
1046 1151 1180 1193 possint,
1203 1156 1370 1181 extraneos
1392 1151 1488 1181 etiam
1509 1150 1618 1182 nulla—

280 1213 375 1238 tenus
396 1207 465 1249 cogi
487 1217 576 1249 posse
598 1211 650 1245 ut,
677 1205 765 1236 nulla
786 1204 903 1248 praevi&
922 1204 1037 1248 judicis
1056 1204 1229 1243 sententia,
1257 1205 1414 1236 territorio
1436 1205 1561 1235 cedant.

323 1261 447 1292 Verum
466 1272 530 1291 non
549 1261 593 1291 ita
611 1259 819 1302 intelligenda
839 1270 904 1290 esse
919 1265 978 1290 art.
1000 1260 1031 1298 4.
1054 1258 1167 1298 verba,
1185 1270 1224 1289 ex
1242 1257 1451 1301 sequentibus
1469 1258 1616 1289 eflicitur.

324 1315 410 1345 Certi
432 1320 465 1345 et
484 1313 655 1345 indubitati
677 1313 755 1357 juris
772 1319 819 1344 est
838 1313 967 1345 nullum
989 1324 1133 1356 unquam
1152 1313 1410 1355 interpretationi
1427 1313 1615 1352 extensivae,

279 1380 375 1411 quam
397 1368 530 1407 dicunt,
562 1368 669 1399 locum
691 1379 773 1407 esse,
796 1367 851 1399 ubi
873 1367 912 1399 de
936 1368 1135 1399 restrictione
1155 1366 1235 1410 juris
1259 1366 1427 1411 cujusdam
1453 1367 1617 1410 originarii

278 1423 394 1465 agitur.
421 1422 476 1452 Est
497 1428 605 1453 autem
624 1421 768 1464 profecto
789 1421 839 1466 jus
859 1422 995 1453 civitatis
1010 1422 1043 1452 in
1059 1421 1234 1460 territorio,
1257 1420 1343 1463 quod
1364 1420 1415 1464 jus
1434 1419 1617 1463 expellendi

276 1476 463 1519 peregrinos
485 1475 744 1518 comprehendit,
770 1477 855 1507 inter
876 1476 1034 1508 naturalia
1058 1475 1144 1507 illius
1162 1475 1231 1519 jura
1254 1474 1520 1518 computandum.
1545 1475 1618 1505 Jam

277 1541 355 1563 vero
380 1530 541 1561 extensive
564 1535 650 1560 certe
671 1531 913 1572 pronuncianda
934 1537 982 1562 est
1002 1542 1038 1562 ea
1060 1537 1118 1562 art.
1140 1531 1170 1570 4.
1194 1531 1228 1561 L.
1252 1530 1275 1560 f.
1299 1530 1537 1572 interpretatio,
1559 1540 1617 1572 per

278 1595 374 1627 quam
402 1583 654 1626 intelligeretur,
686 1585 848 1616 civitatem
871 1585 1056 1629 Belgicam,
1087 1596 1124 1616 eo
1152 1584 1329 1627 proposito,
1356 1582 1420 1627 juri
1443 1594 1501 1614 suo
1522 1593 1617 1625 pere-

278 1638 385 1681 grinos
409 1637 591 1679 expellendi
611 1639 826 1669 renunciasse.
852 1639 942 1670 Nihil
963 1640 1049 1671 enim
1072 1638 1160 1670 aliud
1178 1649 1218 1668 ex
1238 1636 1336 1681 hujus
1357 1635 1485 1667 articuli
1511 1635 1616 1668 verbis

278 1691 464 1722 dialecticus
489 1691 541 1723 vel
567 1692 706 1722 maxime
729 1692 853 1723 subtilis
882 1693 1075 1725 concludere
1100 1698 1222 1735 posset,
1247 1702 1344 1734 quam
1371 1695 1409 1721 ut
1432 1689 1615 1732 peregrini,

279 1745 437 1788 quamdiu
466 1744 587 1776 scilicet
614 1746 648 1776 in
678 1746 836 1777 territorio
871 1753 978 1778 nostro
1008 1752 1247 1778 commorantur
1279 1755 1319 1775 ex
1351 1743 1434 1786 regis
1460 1753 1617 1773 consensu

278 1800 395 1839 tacito,
426 1810 634 1841 personarum
661 1798 885 1843 bonorumque
911 1801 1012 1832 tutela
1039 1800 1124 1843 apud
1152 1810 1209 1830 nos
1239 1798 1400 1829 fruantur.
1436 1796 1614 1836 Praeterea,

279 1853 364 1896 quod
392 1853 563 1885 adversarii
587 1859 849 1897 persequuntur,
880 1855 1017 1886 tutelam
1042 1854 1203 1886 extraneis
1229 1857 1288 1883 art.
1311 1852 1408 1882 citato
1435 1861 1615 1882 concessam

280 1968 306 1990 in
321 1969 391 1997 nota,
414 1968 475 1990 edit.
494 1969 540 1990 lm.
562 1968 737 1997 Detviucourt‚
758 1973 818 1991 tom.
838 1969 860 1990 Ι.
883 1976 939 1999 pag.
958 1969 998 1991 82.
1020 1969 1082 1991 e'dit.
1100 1969 1197 1996 Brux.;
1218 1972 1241 1990 et
1255 1967 1401 1995 Durauton,
1420 1973 1489 1989 cours
1505 1965 1534 1988 de
1550 1965 1616 1988 droit

279 2008 398 2035 srancais,
419 2014 448 2030 11⁰
469 2008 521 2029 144.
553 2008 644 2030 Verum
663 2009 744 2030 nullus
764 2009 794 2031 ad
820 2008 935 2031 tuendam
961 2010 1101 2039 opinionem
1123 2016 1191 2031 suam
1212 2008 1317 2031 rationes
1338 2007 1455 2030 afferunt.
1483 2005 1532 2036 Qui
1552 2005 1615 2028 hane

278 2048 436 2078 quaestionem
454 2056 484 2070 ex
504 2047 572 2070 omui
591 2053 658 2078 parte
679 2053 806 2071 tractatam
826 2053 850 2072 et
868 2049 1029 2072 dilucidatam
1047 2049 1130 2073 videre
1144 2048 1212 2078 cupit
1224 2066 1230 2076 ‚
1258 2048 1321 2078 legat
1339 2047 1490 2070 doctissimas
1508 2045 1616 2076 disputa-

280 2088 356 2110 tiones
373 2095 438 2111 anno
467 2088 522 2110 1818
544 2088 569 2110 in
587 2088 693 2111 comitiis
717 2089 831 2112 ordinum
847 2090 996 2121 generalium
1016 2090 1125 2120 habitas,
1153 2097 1212 2121 quas
1229 2089 1332 2120 reperiet
1350 2089 1376 2112 in
1393 2087 1494 2111 Diario:
1522 2087 1617 2111 Neder-

274 2128 390 2152 landsclce
406 2129 605 2155 staatscoumnt,
631 2129 699 2151 1818.
723 2129 758 2152 N⁰
772 2137 799 2160 27
817 2137 848 2154 eu
867 2130 995 2162 volgende.
