1747 2620
571 475 599 509 [P
610 475 646 509 a
658 473 692 508 [R
705 472 728 508 S
789 471 816 506 [P
828 470 862 505 m
873 470 897 505 [t
907 470 937 505 (ὓ
947 469 998 504 tas

174 599 236 627 nn
268 595 465 626 sumnus
497 591 712 623 Punucls
746 587 1098 618 nxrmnmomsm
1131 586 1179 614 nv
1211 581 1398 613 annulo.

698 713 888 731 ψ-

160 842 186 873 I.
217 840 236 872 J
239 851 297 873 ure
318 839 451 884 quidem
470 836 645 871 universali
665 835 776 868 civitas
794 833 980 865 nullatenus
996 841 1054 874 per
1071 840 1105 861 se
1123 827 1260 870 obligata
1282 831 1328 857 est
1345 824 1385 856 ad
1402 830 1458 855 tu—

116 896 213 928 telam
229 895 391 928 extraneis
411 891 642 937 praestandam:
665 901 780 923 verum
796 888 902 919 statim
926 892 1023 929 atque
1038 885 1083 916 eis
1099 882 1249 915 territorii
1267 881 1317 912 sui
1333 879 1458 922 copiam

116 951 210 990 facit,
232 951 298 981 sive
319 947 415 979 tacita
436 947 502 979 sive
524 943 672 988 expressa
696 942 870 976 voluntatis
891 952 958 972 snae
978 937 1251 975 manifestatione,
1272 946 1337 966 non
1355 937 1459 976 potest

116 1015 182 1034 non
204 1004 300 1034 etiam
320 1001 371 1046 jus
391 1012 504 1032 eorum
525 1008 696 1042 agnoscere
714 996 837 1040 jurium
857 1006 990 1026 suorum
1012 992 1188 1027 vindictam
1203 990 1344 1032 aliquam
1364 998 1459 1019 exer-

119 1056 223 1088 cendi.
250 1055 413 1094 Quoniam
431 1064 507 1086 vero
522 1053 582 1095 ipsi
598 1050 735 1084 civitatis
749 1055 873 1081 naturae
891 1053 1052 1091 repugnat
1067 1046 1207 1089 aliquem
1224 1045 1257 1075 in
1274 1042 1343 1087 ejus
1364 1041 1459 1072 terri-

116 1110 213 1149 torio,
229 1109 261 1141 vi
276 1107 416 1151 privata,
437 1106 509 1151 jura
530 1117 586 1137 sua
603 1104 794 1143 defendere,
816 1102 1025 1134 manifestum
1042 1106 1105 1141 est,
1121 1099 1225 1138 illam,
1245 1097 1367 1140 quippe
1387 1105 1460 1138 quae

117 1164 266 1196 admissos
286 1168 455 1194 extraneos
475 1154 612 1204 propriis
632 1157 755 1192 viribus
772 1156 812 1188 ad
833 1157 884 1188 sui
899 1156 1071 1187 tuitionem
1090 1154 1139 1185 uti
1156 1151 1319 1195 prohibet,
1341 1161 1378 1181 eo
1392 1150 1460 1192 ipso

115 1217 251 1250 tutelam
274 1227 386 1248 eorum
407 1216 442 1246 iu
462 1226 495 1246 se
521 1214 683 1257 suscipere
705 1212 833 1243 debere.
863 1211 978 1253 Itaque
996 1210 1065 1252 ipso
1089 1213 1317 1239 extraneorum
1338 1205 1372 1235 in
1393 1209 1461 1235 ter-

115 1272 265 1304 ritorium
280 1270 449 1313 Belgicum
466 1269 613 1311 ingressu
628 1272 758 1310 pactum
776 1264 905 1308 aliquod
921 1264 1055 1295 tacitum
1074 1263 1159 1294 inter
1177 1272 1230 1293 eos
1244 1266 1342 1303 atque
1355 1259 1462 1300 impe-

115 1327 201 1358 rium
216 1330 362 1356 nostrum
379 1323 498 1354 initum
514 1333 580 1353 esse
595 1320 803 1364 intelligitur,
817 1330 883 1362 quo
897 1318 1048 1361 Belgium
1063 1316 1289 1360 obligationem
1301 1311 1462 1345 contrahit

115 1379 187 1424 jura
213 1382 441 1411 extraneorum
462 1376 497 1406 in
517 1386 618 1419 regno
642 1374 831 1418 degentium
855 1379 925 1404 tuta
950 1378 1047 1416 atque
1073 1382 1184 1403 secura
1208 1367 1392 1412 praestandi.

160 1432 304 1477 Huiusce
341 1431 427 1475 pacti
460 1429 648 1473 praeclaram
684 1428 829 1460 continet
858 1427 1056 1469 agnitionem
1093 1423 1249 1456 articulus
1288 1422 1337 1462 4²¹⁸
1367 1421 1460 1465 Legis

118 1493 232 1518 nostrae
260 1485 532 1525 fundamentalis,
567 1484 617 1515 his
646 1482 752 1517 verbis
782 1487 972 1524 conceptus:
1011 1492 1031 1512 ³)
1047 1480 1139 1512 Alle
1163 1478 1218 1509 die
1241 1477 1318 1509 zich
1341 1487 1382 1518 op
1405 1476 1463 1506 het

118 1540 350 1584 grondgebied
379 1552 445 1572 van
470 1540 527 1571 het
553 1538 632 1581 Ryk
658 1537 837 1574 bevinden,
863 1536 919 1568 het
943 1546 986 1577 zy
1011 1535 1227 1578 ingezetenen
1253 1530 1295 1575 of
1313 1529 1463 1562 vremde-

121 1596 253 1639 lingon,
283 1595 412 1626 hebben
443 1593 566 1637 geh'ke
593 1591 791 1634 aanspraak
819 1602 861 1633 op
891 1589 1124 1631 bescherming
1152 1599 1220 1619 ναη
1243 1596 1391 1628 persoon
1422 1596 1463 1615 en

119 1647 322 1693 goederen.”
344 1648 412 1680 Hoc
431 1648 532 1692 igitur
552 1647 688 1679 articulo
707 1645 857 1677 omnibus
876 1644 1052 1683 extraneis,
1073 1648 1144 1674 tum
1163 1640 1291 1680 incolis,
1313 1645 1382 1671 tum
1403 1649 1464 1682 pe-

122 1703 256 1747 regrinis
275 1703 404 1746 proprie
428 1702 536 1742 dictis,
561 1701 663 1733 tutela
684 1701 821 1739 civitatis
843 1705 959 1732 nostrae
983 1698 1200 1743 promittitur,
1223 1706 1326 1739 eaque
1343 1693 1462 1734 tutela,

124 1768 197 1801 quae
216 1763 281 1788 tam
301 1768 450 1800 personas
474 1768 572 1800 quam
598 1756 681 1788 bona
704 1767 817 1788 eorum
838 1766 950 1788 secura
977 1760 1074 1797 atque
1095 1751 1134 1784 ab
1162 1751 1251 1783 omni
1278 1750 1309 1783 vi
1336 1754 1462 1780 exemta

77 1852 80 1857 ι
124 1817 272 1854 praestare
292 1811 402 1851 dehet,
423 1811 463 1843 ab
477 1810 626 1843 omnibus
646 1811 814 1855 aequaliter
834 1810 991 1844 vindicari
1006 1813 1120 1853 potest.
1144 1807 1257 1849 Itaque
1278 1810 1316 1836 ut
1333 1814 1461 1835 omnem

123 1865 210 1897 illius
237 1864 466 1908 dispositionis,
499 1877 574 1897 cum
600 1865 767 1909 principiis
794 1864 874 1909 juris
899 1864 1022 1908 publici
1048 1860 1237 1894 universalis
1262 1859 1357 1902 plane
1383 1869 1462 1889 con-

124 1919 298 1958 venientis,
320 1919 386 1951 vim
406 1925 504 1962 atque
521 1918 678 1951 ambitum
695 1930 910 1963 exponamus,
930 1916 1075 1961 primum
1092 1915 1269 1959 generatim
1286 1913 1326 1945 de
1345 1910 1462 1943 natura-

124 1973 234 2005 tutelae
256 1975 415 2005 extraneis
441 1974 570 2015 debitae,
595 1973 711 2006 deinde
729 1974 772 2006 de
791 1973 939 2005 libertate
963 1971 1070 2011 civili,
1097 1981 1169 2014 quae
1189 1968 1276 2000 illius
1301 1966 1463 2011 objectum

124 2028 306 2067 constituit,
332 2039 368 2059 ac
391 2027 531 2071 denique
552 2028 591 2060 de
610 2029 704 2061 modo
725 2040 793 2073 quo
810 2027 946 2061 tutelam
965 2026 1055 2059 illam
1075 2024 1239 2059 vindicare
1259 2022 1380 2067 possint
1403 2030 1464 2050 ex-

124 2083 244 2124 tranei,
272 2082 492 2114 disserendum
512 2089 569 2115 est.
