1747 2620
701 270 837 313 (139)

148 346 246 378 Nervi
274 356 383 377 omnes
407 345 481 378 vitae
505 342 649 375 animalis
674 341 819 384 duplices
844 348 937 373 sunt:
964 353 1003 373 ex
1033 349 1171 386 utroque
1196 344 1316 377 scilicet
1342 346 1442 377 latere

103 399 356 444 progrediuntur
385 404 418 430 et
444 399 488 429 sic
517 397 555 428 ad
583 409 638 428 sua
664 396 849 439 singulatim
879 407 996 438 organa
1028 397 1184 428 tendunt:
1217 398 1284 428 sieri
1314 401 1442 431 omnino

104 460 207 497 potest
233 459 271 485 ut
297 464 382 484 unus
408 451 529 483 alterve
554 450 720 495 cujusdam
752 451 836 493 paris
863 461 982 482 nervus
1012 450 1147 482 vulnere
1173 458 1315 490 secetur,
1346 453 1444 484 altero

105 509 230 550 integre
250 511 452 545 remanente,
474 504 533 537 sub
555 505 614 536 hac
630 504 762 547 quidem
784 504 1022 535 circumstantia
1040 504 1199 536 lethalitas
1218 505 1443 546 nihilominus,

104 563 326 603 (asseverante
345 559 491 602 Bohnio)
517 559 563 601 (1)
586 570 650 589 non
671 559 713 589 ita
735 564 882 601 prompte
902 569 1029 598 revera,
1051 558 1104 589 sed
1124 565 1231 590 tamen
1254 559 1349 602 longe
1374 567 1446 591 tru-

104 615 213 647 cidans
232 615 389 654 oboritur,
409 613 480 645 ideo
499 614 584 657 quod
601 624 734 656 organa,
755 612 795 644 ad
815 623 886 655 quae
904 612 1056 652 tendunt,
1074 619 1190 655 egeant
1209 614 1332 645 actione
1348 620 1445 657 atque

105 669 274 701 functione
297 667 459 699 binorum.

149 723 292 754 Tandem
314 724 339 753 si
362 723 467 753 omnia
487 721 636 765 praedicta
662 720 701 751 de
722 721 828 752 nervis
850 720 994 751 animalis
1019 721 1089 751 vitae
1112 721 1328 763 recolligimus
1350 729 1446 764 atque

105 776 356 820 recapitulamus
375 788 450 808 cum
473 776 598 806 Bohnio
620 776 750 805 omnino
772 786 941 817 possumus
959 774 1139 805 declarare:
1160 775 1289 805 lethalia
1312 787 1378 806 esse
1397 777 1450 806 in-

105 831 217 874 primis
230 829 363 862 vulnera
375 840 448 872 quae
464 828 797 872 pneumo-gastricum
813 829 879 860 sive
892 840 1009 871 vagum
1027 840 1099 871 par,
1116 828 1328 860 intercostalia
1344 830 1449 860 omnia

105 885 210 928 paria,
231 889 263 915 et
283 883 570 926 diaphragmaticos
590 894 648 914 seu
669 882 837 925 phrenicos
858 893 971 914 nervos
992 883 1130 922 laedunt,
1155 889 1268 926 utpote
1290 895 1361 926 quae
1383 895 1451 915 res-

106 939 315 981 pirationem,
338 936 469 980 pulsum
494 942 526 967 et
547 936 717 968 ventriculi
738 936 941 978 aliorumque
958 937 1118 968 xiscerum
1139 937 1248 968 vitales
1269 937 1451 969 functiones

107 993 282 1023 enormiter
302 991 503 1022 imminuunt
525 996 558 1021 et
578 991 610 1021 in
633 990 774 1021 deterius
795 989 973 1033 conjiciunt
995 991 1059 1021 imo
1082 990 1253 1023 destruunt
1275 991 1333 1033 (2).

151 1045 251 1076 Nervi
279 1044 319 1075 ad
345 1045 441 1076 vitam
470 1044 652 1086 organicam
680 1049 858 1085 spectantes
887 1049 919 1073 et
945 1044 979 1074 in
1010 1043 1161 1074 Thoracis
1186 1055 1264 1075 cavo
1291 1043 1452 1075 latitantes

109 1098 235 1142 ganglia
257 1103 332 1129 sunt
353 1097 568 1136 Thorachica,
592 1108 664 1139 quae
686 1097 856 1128 duodecim
882 1107 923 1127 ex
951 1103 1090 1139 utroque
1111 1097 1210 1128 latere
1232 1109 1326 1140 supra
1350 1099 1453 1141 capita

108 1159 267 1184 costarum
288 1151 501 1183 incumbunt:
523 1152 549 1181 si
569 1151 684 1181 horum
709 1150 793 1180 laesio
815 1161 873 1192 per
893 1161 926 1181 se
950 1156 1084 1181 mortem
1105 1162 1169 1181 non
1190 1157 1346 1193 patraret,
1367 1152 1454 1194 ipso-

108 1218 182 1239 rum
202 1205 385 1249 profundus
409 1206 487 1236 situs
511 1204 687 1236 necessario
713 1215 824 1247 graves
850 1204 1109 1246 complicationes
1137 1211 1208 1247 post
1237 1216 1270 1236 se
1294 1206 1452 1245 traheret,

109 1273 181 1305 quae
207 1260 393 1304 hujusmodi
414 1259 589 1291 vulnerum
613 1258 824 1289 lethalitatem
847 1258 1062 1289 determinare
1084 1258 1238 1290 valerent.
1269 1259 1361 1290 Rami
1382 1271 1454 1290 car—

110 1315 192 1346 diaci
208 1314 264 1356 qui
279 1325 296 1344 a
312 1312 446 1355 gangliis
460 1311 670 1344 cervicalibus
684 1312 920 1354 proficiscentes
937 1310 976 1342 ad
989 1322 1042 1342 cor
1057 1311 1196 1342 tendunt
1208 1312 1303 1343 etiam
1317 1312 1452 1345 vulnere

110 1367 246 1398 resecari
266 1371 414 1408 possunt:
441 1364 556 1395 Bichat
577 1364 624 1407 (3)
644 1365 763 1396 iterum
789 1364 983 1405 observavit,
1013 1365 1115 1408 quod,
1143 1366 1168 1396 si
1192 1365 1279 1408 apud
1304 1367 1453 1399 animalia

111 1421 192 1452 rami
204 1419 339 1450 cardiaci
352 1418 560 1459 vellicantur,
574 1424 679 1450 motus
695 1418 797 1450 cordis
810 1419 892 1450 nihil
909 1420 1025 1451 exinde
1039 1419 1257 1451 abnormitatis
1271 1421 1452 1463 patiantur,

112 1480 145 1506 et
158 1475 182 1505 si
197 1473 244 1504 illi
257 1474 381 1516 integre
397 1472 640 1512 abscinduntur,
653 1473 738 1516 quod
747 1474 828 1505 actio
839 1473 908 1518 ejus
923 1484 1030 1516 neque
1046 1479 1203 1517 augeatur
1218 1485 1325 1517 neque
1339 1481 1452 1516 cesset,

112 1528 200 1560 unde
219 1527 376 1559 conclusit
392 1527 494 1559 cordis
509 1528 710 1559 functionem
730 1527 769 1558 ab
784 1528 858 1570 ipsis
879 1539 942 1559 non
962 1527 1160 1571 dependere:
1178 1534 1319 1560 attamen
1336 1529 1453 1560 exinde

113 1581 201 1614 haud
225 1581 379 1624 probatur
404 1582 502 1612 vitam
528 1592 639 1623 posse,
665 1580 714 1611 his
738 1582 881 1621 resectis,
907 1593 1113 1625 permanere,
1145 1583 1341 1614 contrarium
1366 1584 1454 1614 enim

114 1636 332 1667 demonstrant
350 1633 597 1677 periclitationes
617 1635 636 1666 ὲ
655 1634 836 1667 Professore
853 1636 975 1680 Dupuy
995 1636 1043 1679 (4)
1065 1642 1194 1668 tentatae
1217 1637 1251 1668 in
1274 1637 1381 1680 equiS,
1404 1637 1454 1668 hae

114 1690 201 1722 enim
223 1700 279 1720 nos
300 1689 431 1728 docent,
454 1700 494 1720 ne
514 1690 662 1732 superius
680 1690 836 1722 cervicale
851 1689 982 1733 quidem
1001 1690 1166 1734 ganglinm
1184 1690 1287 1728 solum
1305 1701 1344 1722 ex
1362 1697 1454 1722 utro-

116 1755 180 1787 que
202 1743 302 1775 latere
325 1742 467 1774 adscindi
487 1754 592 1786 posse,
616 1744 695 1787 quin
716 1745 862 1787 protinus
884 1745 1008 1788 pupilla
1031 1751 1225 1785 coarctetur,
1251 1745 1454 1789 conjunctiva

117 1797 302 1829 membrana
329 1797 485 1840 sanguine
514 1797 693 1841 injiciatur,
727 1799 883 1842 generalis
909 1800 1006 1831 totius
1034 1800 1173 1843 corporis
1203 1799 1290 1830 tabes
1317 1800 1453 1840 oriatur,

117 1857 246 1883 artuum
264 1851 428 1882 infiltratio
442 1858 609 1894 appareat,
628 1853 745 1886 scabies
760 1856 948 1888 universum
965 1860 1100 1898 systema
1118 1860 1292 1886 cutaneum
1310 1854 1453 1896 invadat,

179 1967 224 1996 (1)
241 1966 276 1988 De
291 1966 475 1989 renunciatione
491 1966 633 1996 vulnerum,
655 1975 708 1998 pag.
724 1970 852 1992 235a254.

179 2007 224 2036 (2)
378 2006 456 2035 ibid„
724 2009 783 2032 ibid.

181 2047 225 2076 (5)
243 2046 342 2074 Bichat,
362 2046 378 2068 l.
398 2046 429 2075 l.,
452 2054 505 2077 pag.
522 2047 573 2071 488.

182 2087 226 2116 (4)
244 2086 363 2110 Videatur
379 2087 511 2110 annotatio
527 2087 553 2110 in
571 2087 652 2111 eodem
673 2087 748 2115 libro,
768 2095 822 2119 pag.
841 2088 883 2110 484
903 2087 1059 2110 invenienda.
