1747 2620
892 289 903 332 (
928 292 969 320 12
991 290 1003 331 )

291 366 403 408 Neque
423 371 469 396 est
499 365 582 407 quod
607 365 777 402 miremur,
804 362 902 406 hujus
928 363 988 394 viri
1010 362 1187 404 discipulis,
1211 362 1356 401 Platoni,
1379 362 1607 404 Xenophonti,

292 418 379 457 aliis,
406 418 444 449 de
476 417 585 448 eadem
614 417 793 447 animorum
822 415 1056 447 immortalitate
1088 415 1215 446 nullum
1243 415 1437 457 superfuisse
1462 414 1609 446 dubium.

293 471 438 510 Quorum
463 470 592 512 quidem
618 469 697 500 alter
721 468 804 499 hanc
831 468 1017 498 sententiam
1033 491 1040 505 ,
1075 474 1231 510 quantum
1256 474 1379 510 posset,
1414 468 1610 510 argumentis

292 529 510 566 superstruere
539 527 667 552 conatus
692 526 759 559 est,
783 525 815 550 et
838 519 954 550 alicubi
978 519 1066 550 hunc
1085 521 1119 551 in
1148 521 1296 552 modum:
1331 532 1349 551 ))
1364 526 1439 552 sunt
1463 520 1609 562 praemia,

292 577 413 619 iuquit,
440 576 549 606 virtuti
570 573 726 616 proposita
750 572 843 613 longe
869 573 1016 602 maxima.
1053 573 1140 611 Quid
1159 575 1243 605 enim
1266 585 1339 606 vere
1363 585 1517 616 magnum
1544 583 1611 604 esse

292 635 455 671 putemus,
477 627 560 669 quod
581 626 721 668 angustis
743 625 840 668 hujus
861 626 934 657 vitae
953 626 1096 656 terminis
1116 627 1155 656 sit
1175 626 1361 657 inclusum?
1383 626 1609 668 Longissimam

292 688 428 713 nostram
454 686 578 712 aetatem
597 680 622 710 si
641 690 715 710 cum
737 684 852 709 aeterna
875 678 946 717 illa,
969 689 1040 720 quae
1061 689 1117 709 nos
1141 685 1263 718 manet,
1284 679 1501 717 conferamus,
1528 677 1610 709 nihil

293 741 339 766 est
354 734 409 776 (1).
435 733 682 775 Xenophontem
704 737 810 762 autem
830 731 907 773 quid
928 731 1015 762 alind
1035 732 1094 761 nisi
1113 731 1305 761 immortales
1330 731 1450 761 animos
1464 730 1612 761 hahuisse

293 788 477 829 opinemur,
502 787 557 828 qui
577 785 696 828 Cyrum
712 785 899 815 morientem
919 783 961 814 ita
982 783 1059 813 filios
1074 783 1288 826 alloquentem
1304 783 1445 815 inducit:
1477 783 1611 814 »Nolite

293 840 455 878 arbitrari,
477 850 494 869 o
514 838 592 868 mihi
613 837 761 868 carissimi
783 836 853 874 filii,
873 846 924 866 me
941 847 1016 866 cum
1033 848 1049 866 a
1067 836 1154 866 vobis
1171 836 1355 876 discessero,
1377 846 1534 879 nusquam
1555 841 1612 866 aut

293 893 421 924 nullum
442 892 520 922 fore.
550 890 616 921 Nec
635 890 736 927 enim,
755 889 832 920 dum
851 900 937 919 eram
955 888 1134 928 vobiscum,
1150 890 1293 921 animum
1313 900 1421 920 meum
1442 887 1611 927 videbatis,

293 945 347 976 sed
376 956 449 975 eum
478 945 511 974 in
540 943 600 973 hoc
624 952 756 983 corpore
785 952 824 971 ex
852 941 889 970 iis
916 940 1027 979 rebus,
1063 952 1140 982 quas
1176 942 1343 984 gerebam,
1376 941 1613 984 intelligebatis·

292 997 439 1027 Eundem
467 996 565 1037 igitur
593 1004 658 1024 esse
683 992 855 1032 creditote‚
886 993 1008 1023 etiamsi
1031 994 1158 1024 nullum
1186 995 1342 1026 videbitis.
1379 995 1458 1026 Mihi
1481 994 1612 1037 quidem

293 1060 468 1092 numquam
491 1047 672 1090 persuaderi
694 1046 817 1088 potuit,
844 1046 980 1085 animos,
1003 1045 1081 1077 dum
1104 1047 1137 1076 iu
1162 1046 1346 1090 corporibus
1366 1052 1469 1077 essent
1494 1052 1614 1077 morta-

293 1103 390 1141 libus,
419 1103 540 1140 vivere3
563 1112 636 1131 cum
657 1100 806 1130 exiissent
828 1109 867 1129 ex
889 1099 945 1137 iis,
968 1098 1086 1129 emori'’
1108 1098 1167 1140 (2).

337 1165 364 1195 E
383 1164 529 1195 Romanis
549 1162 663 1194 deinde
684 1161 877 1204 philosophis
899 1161 1008 1191 Cicero
1030 1160 1169 1191 Platonis
1191 1161 1379 1191 sententiam
1404 1171 1492 1192 suam
1514 1160 1613 1200 fecit,

293 1217 469 1259 iisdemque
490 1217 571 1256 fere,
596 1215 711 1258 quibus
732 1215 803 1254 ille,
824 1215 1037 1257 argumentiS,
1061 1214 1170 1256 paucis
1186 1213 1226 1244 de
1247 1225 1304 1245 suo
1324 1213 1457 1252 additis,
1481 1212 1520 1244 ad
1542 1223 1614 1244 eam

295 1269 539 1301 confirmandam
566 1279 641 1300 usus
665 1274 722 1299 est.
753 1268 873 1298 Praeter
896 1267 971 1306 alia,
996 1278 1068 1309 quae
1096 1267 1160 1298 huc
1182 1267 1325 1305 faciunt,
1351 1265 1517 1297 manifesta
1546 1271 1615 1304 est,

294 1334 366 1354 cum
388 1323 476 1365 quasi
497 1322 622 1352 Catonis
645 1332 698 1351 ore
719 1320 880 1363 quuitur,
901 1319 970 1363 ejus
989 1319 1049 1350 hac
1070 1319 1110 1350 de
1129 1330 1163 1350 re
1182 1319 1361 1361 persuasio:
1389 1329 1407 1349 ))
1418 1318 1469 1348 An
1489 1328 1614 1357 censes,

292 1376 414 1418 inquit,
439 1385 490 1405 me
509 1379 610 1404 tantos
630 1373 750 1403 labores
775 1378 999 1414 suscepturum
1019 1371 1135 1411 fuisse,
1162 1372 1188 1402 si
1209 1371 1320 1402 iisdem
1340 1370 1457 1401 finibus
1482 1370 1614 1412 gloriam

292 1439 411 1467 meam,
431 1427 545 1470 quibus
566 1427 663 1458 vitam
684 1436 782 1457 essem
798 1424 1050 1455 terminaturus?
1072 1424 1132 1455 Sed
1146 1425 1251 1455 nescio
1270 1423 1428 1466 quomodo
1444 1423 1569 1453 animus
1580 1433 1615 1453 se

294 1482 432 1523 erigens,
465 1480 677 1522 posteritatem
700 1490 824 1521 semper
848 1478 890 1508 ita
914 1477 1141 1520 prospiciebat,
1166 1478 1255 1519 quasi
1283 1487 1358 1507 cum
1386 1475 1569 1506 excessisset
1595 1485 1614 1505 e

293 1534 373 1573 vita,
397 1539 465 1564 tum
485 1533 623 1575 denique
647 1533 789 1564 victurus
810 1537 900 1562 esset.
916 1555 940 1561 ..
956 1554 962 1561 .
976 1554 983 1561 .
1008 1531 1056 1561 Ex
1077 1531 1140 1562 vita
1162 1531 1204 1561 ita
1229 1529 1368 1568 discedo,
1394 1535 1556 1571 tamquam
1574 1538 1614 1559 ex

295 1586 444 1628 hospitio,
471 1597 533 1616 non
558 1591 720 1628 tamquam
742 1596 759 1615 e
780 1584 888 1615 domo:
915 1583 1129 1615 commorandi
1153 1583 1238 1614 enim
1260 1589 1374 1613 natura
1397 1581 1613 1614 deversorium

294 1638 399 1677 nobis,
425 1650 488 1669 non
512 1638 673 1677 habitandi
697 1638 803 1669 locum
831 1637 928 1669 dedit.
960 1638 1006 1668 O!
1032 1637 1220 1679 praeclarum
1244 1636 1344 1675 diem,
1368 1646 1442 1666 cum
1466 1634 1506 1665 ad
1532 1633 1614 1665 illud

295 1691 438 1723 divinum
465 1692 641 1723 animorum
670 1691 840 1722 concilium
878 1697 1063 1733 coetumque
1092 1690 1286 1733 proficiscar,
1325 1697 1465 1730 cumque
1491 1697 1531 1718 ex
1553 1686 1614 1717 hac

296 1743 388 1774 turba
412 1749 443 1774 et
466 1743 642 1775 colluvione
663 1743 839 1775 diseedam’'
860 1744 917 1786 (3).

339 1808 512 1839 Taeeamus
536 1815 604 1850 post
628 1809 716 1839 hune
736 1808 811 1839 alios
832 1818 924 1850 porro
944 1806 1083 1837 Platonis
1106 1810 1273 1836 sectatores
1293 1802 1388 1845 vulgo
1411 1800 1614 1832 Academicos

297 1860 411 1900 dictos,
437 1862 603 1901 Severum,
627 1861 853 1901 Plutarchum,
872 1859 1063 1903 Apulejum,
1088 1859 1265 1890 Maximum
1288 1857 1438 1899 Tyrium,
1464 1855 1538 1886 alios
1557 1855 1613 1897 qui

301 1937 1614 1951 Μ

358 1994 400 2022 (1)
416 1993 485 2015 Plato
503 1993 528 2015 in
548 1994 661 2017 Metione.

357 2033 401 2062 (2)
417 2033 532 2062 Xenoph.
550 2033 691 2063 Cyropaedia
709 2035 729 2057 1.
749 2034 823 2058 V111.
842 2042 866 2057 e.
887 2034 948 2058 V11.
968 2041 1008 2063 17,
1026 2040 1067 2063 ¹9}
1087 2031 1139 2055 Cic.
1159 2031 1187 2054 de
1203 2033 1293 2054 seuect.
1312 2037 1335 2053 c.
1352 2037 1392 2052 22.

358 2073 402 2102 (3)
416 2072 468 2096 Cic.
491 2072 519 2095 de
536 2077 654 2096 senectute
671 2082 694 2096 c.
715 2075 753 2096 25.
