1747 2620
708 248 820 292 (33)

540 388 658 421 PARS
704 385 992 418 POSTERIOR.

222 506 504 537 PHYSIOLOGIA
547 505 730 533 PARTIUM
774 503 966 532 THORACE
1007 501 1315 531 CONTENTARUM.

148 615 230 646 Sunt
249 614 283 644 in
304 612 482 655 organismo
506 611 647 642 humano
670 610 728 641 tria
752 620 868 651 organa
889 619 960 650 quae
985 608 1083 650 ipsius
1105 609 1177 640 vitae
1198 608 1437 640 triumviratum

103 668 194 711 quasi
214 672 380 704 exercent,
398 671 431 696 ct
450 671 514 696 tam
536 664 649 695 intimo
665 670 760 706 atque
782 668 868 693 arcto
890 661 1018 693 vinculo
1034 662 1118 692 inter
1136 672 1168 692 se
1185 662 1322 692 invicem
1342 661 1438 704 ligata

102 727 193 759 sunt,
220 725 258 752 ut
279 719 408 751 nullum
432 719 500 749 sine
525 718 608 748 socio
634 728 692 748 suo
715 716 813 748 vitam
835 714 972 757 amplius
994 715 1090 757 possit
1115 714 1309 757 producere,
1340 714 1439 745 Cere-

101 774 195 806 brum
215 773 336 804 scilicet
358 773 419 803 Cor
438 777 535 813 atque
550 769 738 801 Pulmones:
764 773 891 799 mortuo
906 768 992 798 enim
1015 767 1144 799 cerebro
1165 768 1348 799 moriuntur
1362 768 1440 810 pul—

100 838 212 859 mones
236 828 312 870 quia
340 824 479 857 musculi
504 822 879 866 respirationisvpectoris
910 832 1024 854 cavum
1049 832 1114 852 non
1139 821 1277 864 amplius
1307 820 1440 852 dilatare

100 881 231 921 valent;
260 879 395 911 mortuis
414 876 622 921 pulmonibus
642 875 770 918 sanguis
795 885 930 907 venosus
950 885 1015 905 non
1036 873 1174 916 amplius
1194 874 1228 904 in
1250 874 1439 905 arteriosum

101 940 264 974 mutatur,
287 944 341 964 cor
361 932 461 975 igitur
481 930 637 973 sanguine
657 930 749 972 nigro
771 927 930 959 imbuitur
950 933 983 958 et
1002 927 1046 958 sic
1064 927 1209 958 moritur.
1229 927 1262 958 Si
1278 939 1332 958 cor
1350 928 1440 970 prius

103 989 276 1025 moriatur,
301 997 386 1017 mors
407 983 563 1028 generalis
586 983 646 1014 hac
671 983 751 1013 serie
777 981 883 1013 locum
907 980 1021 1021 habet3
1048 982 1152 1024 primo
1179 980 1347 1012 cerebrum
1374 992 1440 1012 non

104 1041 242 1084 amplius
268 1040 424 1082 sanguine
447 1038 596 1070 arterioso
623 1035 823 1067 stimulatum
846 1035 1083 1077 exstinguitur,
1113 1040 1145 1066 et
1171 1034 1305 1077 proinde
1330 1046 1439 1066 omnes

101 1094 195 1126 nervi
214 1092 366 1124 animales
387 1091 449 1124 vita
468 1091 681 1129 frustrantur,
704 1088 790 1120 unde
812 1089 976 1130 respiratio
996 1088 1132 1119 deletur.
1156 1088 1290 1119 Mortuis
1310 1088 1442 1130 pulmo-

103 1147 199 1179 nibus
230 1157 284 1177 cor
313 1151 444 1188 propter
474 1145 663 1187 sanguinem
697 1143 887 1174 arteriosum
920 1141 1122 1172 deficientem
1156 1141 1373 1184 exstinguitur
1409 1147 1442 1172 et

101 1199 248 1233 eamdem
273 1198 313 1230 ob
338 1209 465 1230 causam
488 1196 610 1228 cerebri
637 1196 773 1229 vitalitas
801 1195 1044 1227 sufflaminatur.
1076 1194 1183 1233 Quam
1206 1195 1306 1237 igitur
1323 1194 1441 1226 nobilia

101 1254 162 1285 tria
183 1252 253 1284 haec
269 1263 386 1295 organa
408 1252 487 1291 sint,
508 1250 686 1293 quantique
707 1250 861 1280 momenti
880 1249 920 1278 sit
941 1248 1083 1290 ipsorum
1102 1248 1267 1290 integritas
1286 1259 1344 1290 pro
1365 1249 1442 1279 uni-

100 1305 192 1338 versa
215 1304 396 1337 oeconomia
429 1309 542 1346 sponte
567 1307 718 1345 apparet:
747 1301 821 1333 bina
844 1312 884 1332 ex
912 1301 1003 1344 ipsis,
1034 1312 1087 1332 cor
1113 1300 1233 1332 scilicet
1253 1307 1286 1332 et
1311 1301 1440 1344 pulmo,

101 1358 254 1390 Thoracis
270 1369 347 1390 cavo
368 1356 598 1395 includuntur,
623 1354 711 1387 unde
732 1354 834 1388 videri
856 1354 933 1386 licet
952 1360 1111 1398 quantum
1134 1354 1316 1397 periculum
1332 1366 1443 1388 secum

102 1412 209 1444 ferant
225 1411 360 1444 vulnera
375 1409 526 1441 Thoracis
541 1407 742 1452 penetrantia
755 1413 788 1438 et
804 1408 966 1450 praecipua
978 1407 1046 1439 haec
1061 1407 1135 1439 vitae
1148 1418 1265 1450 organa
1281 1407 1439 1439 laedentia.

288 1517 312 1560 g
344 1516 400 1548 IV.
452 1526 597 1555 comus,
635 1524 804 1546 VAsolthM
841 1526 883 1546 m·
916 1524 1122 1545 mammon
1159 1525 1254 1545 usus.

149 1612 284 1653 Sanguis
304 1611 546 1655 pretiosissimus
566 1611 620 1643 ille
638 1611 725 1642 latex
746 1611 778 1642 in
799 1611 921 1642 arteriis
943 1621 1000 1653 per
1017 1611 1122 1641 omnia
1143 1610 1240 1641 totius
1258 1610 1442 1641 oeconomiae

106 1678 226 1710 organa
245 1666 458 1708 exspatiatur,
482 1665 544 1696 illis
559 1671 592 1696 et
613 1665 850 1696 nutrimentum
870 1670 903 1695 et
921 1666 1020 1696 vitam
1040 1664 1148 1704 affert,
1173 1675 1237 1706 quo
1259 1663 1360 1703 facto,
1385 1674 1443 1696 ve-

107 1731 220 1751 narum
235 1730 296 1762 ope
306 1743 314 1759 ,
332 1718 371 1750 ad
387 1723 546 1761 punctum
556 1742 564 1758 ,
580 1730 597 1749 a
612 1729 676 1761 quo
692 1717 967 1761 proficiscebatur,
983 1718 1157 1750 revertitur
1171 1728 1269 1750 novas
1283 1723 1321 1748 ut
1336 1723 1442 1759 partes

109 1773 287 1803 nutrientes
307 1771 445 1803 hauriat.
472 1771 561 1802 Istud
581 1771 642 1802 iter
664 1777 701 1802 ut
725 1772 878 1813 perficere
897 1771 994 1813 possit
1013 1776 1086 1814 eget
1106 1771 1249 1813 sanguiS,
1269 1776 1301 1801 et
1325 1782 1443 1813 organo

110 1835 126 1854 a
141 1835 204 1866 quo
218 1825 441 1867 impulsionem
457 1836 547 1857 suam
563 1825 696 1867 accipiat
711 1831 748 1857 ut
765 1836 822 1868 per
834 1836 928 1857 omne
944 1835 1059 1868 corpus
1071 1824 1270 1868 propellatur
1281 1848 1289 1864 ,
1306 1830 1443 1868 egetque

110 1888 228 1920 organo
249 1889 266 1909 a
285 1889 350 1921 quo
368 1879 592 1921 impulsionem
614 1891 704 1910 suam
721 1881 865 1923 accipere
885 1889 1014 1922 quoque
1034 1878 1145 1921 possit,
1167 1883 1205 1909 ut
1220 1878 1254 1908 in
1274 1878 1443 1920 pulmones

112 1929 315 1973 projiciatur3
335 1931 470 1974 duplicis
488 1933 575 1965 illius
595 1933 770 1965 functionis
787 1944 942 1976 organum
963 1944 1016 1963 cor
1037 1937 1099 1971 est,
1121 1931 1207 1975 quod
1225 1943 1335 1965 revera
1354 1932 1442 1964 binas

109 1989 217 2026 partes
238 1983 334 2015 habet
358 1984 538 2026 distinctas,
566 1998 704 2029 quarum
730 1988 834 2029 prior,
860 1986 985 2016 sinistra
1011 1984 1152 2025 scilicet,
1183 1986 1331 2029 sanguini
1356 1992 1442 2016 arte—

110 2037 192 2068 rioso
212 2037 247 2069 in
266 2048 417 2080 corpore,
438 2038 551 2081 altera,
577 2040 687 2072 dextra
713 2051 847 2083 nempe,
872 2040 1020 2083 sanguini
1041 2050 1155 2072 venoso
1181 2040 1214 2071 in
1235 2039 1441 2083 pulmonibus

1051 2092 1067 2120 5
