1747 2620
889 236 900 278 (
926 236 967 270 70
992 237 1003 278 )

324 314 407 345 Sunt
417 314 517 356 plaga:
530 319 669 344 contusae
683 313 819 343 minores
830 323 902 355 quae
913 312 1055 342 omnium
1068 309 1239 341 diflicilime
1251 315 1419 349 sanantur,
1433 321 1471 341 ex
1482 321 1519 341 eo
1530 311 1615 353 quod

281 367 386 410 aliqua
403 366 602 409 complicatio
615 366 765 405 addatur,
781 368 828 396 nti
843 371 949 396 narrat
964 366 1080 407 Larrcy
1092 364 1152 405 (1):
1166 363 1316 406 glandula
1332 363 1451 394 scilicet
1466 363 1617 406 plumbea

280 421 440 464 perforato
463 420 573 463 majori
593 419 744 462 pectorali
764 426 908 450 sternum
928 418 1058 450 obvium
1080 417 1192 449 habuit
1211 424 1242 448 et
1258 417 1297 448 ab
1312 418 1378 461 ipso
1395 418 1616 460 retrogradum

280 481 405 506 motum
425 475 599 516 accipiens⁷
622 484 678 516 per
698 473 800 511 idem,
822 472 907 515 qnod
930 473 1064 511 fecerat,
1086 472 1243 502 orificium
1265 472 1348 503 foras
1370 471 1519 515 propulsa
1537 472 1617 512 fuit3

280 529 398 560 vulnus
418 528 504 558 lente
520 533 664 558 sanatum
687 527 767 565 fuit,
789 537 826 557 ex
845 537 882 557 eo
897 526 982 569 quod
1001 532 1144 557 sternum
1166 526 1302 558 fractum
1322 527 1527 558 exfoliatione
1547 538 1619 558 cor-

280 589 409 625 reptum
433 582 549 613 fuerat.
582 582 611 611 J.
634 582 670 612 L.
696 583 780 612 Petit
801 581 849 624 (2)
876 582 909 612 in
933 592 1029 624 opere
1051 592 1107 612 suo
1127 580 1166 611 de
1190 580 1306 611 morbis
1329 580 1518 623 chirurgicis
1542 592 1621 612 con-

280 637 412 678 scripto,
434 635 573 666 declarat
591 635 892 674 inflammationem,
912 646 985 678 qnae
1004 640 1074 678 post
1091 634 1223 666 vulnera
1245 634 1405 677 glandulis
1426 634 1621 677 sclopetariis

281 691 367 722 illata
392 691 552 733 sequitur,
579 690 676 733 vulgo
702 690 938 732 putrefactione
963 689 1144 728 terminari,
1172 688 1258 731 quod
1279 699 1297 719 e
1319 689 1458 719 sectione
1485 688 1622 720 cadave-

281 757 354 776 rum
375 745 434 787 ipsi
458 744 577 784 eluxit3
600 755 702 786 quum
724 755 741 775 e
767 749 892 783 contra,
914 744 939 774 si
964 743 1019 785 qui
1045 743 1223 773 moriantur
1245 741 1433 773 vulneribus
1455 742 1547 773 sectis
1570 741 1623 774 vel

281 800 427 842 punctis,
449 798 546 841 vulgo
563 804 693 840 propter
708 797 972 840 suppurationem
996 797 1155 827 internam
1177 796 1299 838 perire3
1321 795 1404 827 illud
1422 795 1528 827 adhuc
1545 807 1622 838 pro-

281 853 335 884 hat
364 858 522 895 quantum
556 851 798 894 periculosiores
825 851 889 881 sint
917 856 1057 881 contusae
1086 849 1346 893 sclopetariaeque
1372 860 1469 893 quam
1501 854 1624 880 caeterae

283 918 392 937 omncs
413 906 526 948 plagae.

328 961 375 990 Ex
398 965 489 990 antea
510 959 613 989 citatis
634 957 782 989 omnibus
807 957 953 1000 sequenti
977 956 1068 987 modo
1088 967 1256 998 possumus
1276 962 1416 987 nostram
1440 957 1624 999 opinionem

284 1014 323 1045 (le
344 1013 563 1044 musculorum
587 1012 775 1044 vulneribus
795 1022 992 1054 proponere:
1020 1010 1153 1042 vulnera
1174 1010 1395 1041 musculorum
1415 1009 1626 1052 pec-toralium

285 1069 498 1099 instrumento
516 1072 644 1097 secante
664 1065 716 1098 vel
739 1071 906 1108 pungente
924 1064 1096 1107 producta,
1115 1065 1141 1095 si
1156 1064 1311 1107 simplicia
1330 1065 1393 1094 sint
1415 1063 1496 1094 nihil
1513 1074 1578 1107 prae
1594 1074 1628 1094 se

286 1120 472 1152 lethalitatis
487 1120 614 1159 ferunt,
630 1119 717 1162 quod
731 1120 756 1149 si
774 1119 841 1149 haec
857 1117 1091 1160 complicentur
1106 1117 1288 1160 periculum
1306 1128 1344 1148 ex
1361 1117 1423 1148 illis
1439 1117 1607 1148 oriendum
1618 1141 1626 1156 ,

287 1186 324 1206 eo
343 1174 446 1218 majus
465 1179 512 1205 est
531 1185 596 1216 quo
618 1174 658 1204 sit
676 1173 802 1215 gravior
818 1171 1029 1214 complicatio.
1053 1170 1197 1201 Vulnera
1215 1171 1366 1202 Thoracis
1385 1172 1628 1214 integumento-

286 1241 360 1260 rum
384 1226 657 1259 contundentibus
682 1225 868 1269 corporibus
891 1232 923 1256 et
945 1225 1045 1268 globis
1068 1225 1263 1267 sclopetariis
1287 1226 1463 1267 praesertim
1488 1226 1628 1265 inflicta⁷

287 1294 376 1315 nunc
402 1282 506 1313 sanari
536 1280 711 1320 facillime,
740 1291 829 1311 nunc
857 1284 988 1323 propter
1021 1289 1202 1321 perversam
1234 1278 1479 1309 medicationem
1503 1279 1630 1321 insigne

288 1325 442 1368 damnum
460 1336 526 1366 imo
544 1334 670 1366 lethum
689 1344 862 1377 provocare
883 1338 1030 1376 possunt,
1047 1343 1134 1363 nnnc
1158 1332 1283 1363 tandem
1301 1332 1355 1363 illa
1374 1333 1440 1375 ipsa
1456 1332 1629 1376 aliquando

290 1402 348 1434 per
369 1401 401 1421 se
420 1388 549 1420 lethalia
567 1394 659 1428 sunt,
679 1388 705 1419 si
725 1387 898 1425 nimirum,
918 1386 967 1417 uti
988 1384 1134 1416 Bolmius
1157 1392 1189 1417 et
1211 1386 1334 1419 Alberti
1355 1386 1402 1429 (3)
1424 1387 1632 1430 profitentur,

290 1443 457 1486 grandiora
476 1443 539 1474 sint
554 1448 586 1473 et
605 1453 680 1473 cum
703 1446 861 1472 costarum
878 1445 909 1471 et
928 1450 1074 1471 vasorum
1095 1439 1322 1471 dilaceratione
1341 1440 1474 1483 insigni,
1496 1451 1631 1471 muscu-

288 1499 393 1530 lorum
418 1497 617 1541 respirationi
641 1497 886 1528 inservientium
908 1493 1035 1525 laesione
1059 1499 1090 1524 et
1111 1505 1302 1536 organorum
1324 1493 1468 1524 Thorace
1496 1499 1632 1525 conten-

291 1558 396 1583 torum
422 1552 634 1582 commotione
660 1549 830 1594 conjuncta
860 1549 1000 1588 suerint3
1028 1548 1077 1579 hae
1098 1549 1184 1579 enim
1205 1548 1253 1590 (4)
1278 1548 1479 1579 contusiones
1504 1547 1634 1579 inflam-

290 1606 481 1645 mationem,
503 1605 785 1647 suppurationem,
806 1604 871 1634 imo
892 1601 1078 1646 sphacelum
1098 1602 1292 1645 pulmonum
1314 1613 1487 1644 provocare
1513 1601 1632 1633 valent.

334 1659 456 1690 Praeter
471 1658 632 1689 musculos
648 1657 687 1688 de
703 1656 820 1700 quibus
835 1657 980 1700 proxime
996 1656 1120 1699 egimus
1137 1656 1217 1688 alius
1233 1662 1335 1688 exstat
1350 1656 1531 1696 musculus,
1548 1656 1635 1688 inter

290 1712 482 1744 nobilissima
505 1712 601 1743 totius
624 1711 829 1742 OEconomiae
850 1710 995 1742 animalis
1016 1722 1133 1753 organa
1157 1710 1396 1749 numerandus,
1425 1709 1632 1753 diaphragma

291 1767 427 1806 scilicet,
448 1765 488 1797 de
503 1777 567 1808 quo
583 1776 671 1796 nunc
689 1776 791 1796 sermo
808 1766 884 1805 erit,
905 1765 958 1796 hic
973 1765 1058 1796 enim
1076 1777 1171 1797 suum
1189 1765 1296 1796 locum
1312 1764 1469 1804 vindicat,
1486 1765 1634 1808 quamvis

292 1821 325 1852 in
349 1819 474 1851 interna
497 1820 637 1862 corporis
658 1825 748 1862 parte
768 1818 966 1851 includatur.
994 1819 1161 1862 Organum
1182 1830 1292 1852 revera
1315 1824 1362 1850 est
1382 1818 1534 1850 Thoracis
1557 1829 1637 1851 con-

355 1936 400 1965 (1)
416 1936 522 1965 Latrey‚
544 1934 665 1965 chirurgie
682 1933 812 1962 militaire,
835 1937 896 1956 tom.
916 1935 952 1956 11.
972 1941 1029 1964 pag.
1048 1933 1089 1956 80.

357 1976 399 2005 (2)
416 1976 489 1998 Tom.
510 1976 532 1997 1.
554 1982 610 2005 pag.
630 1976 670 2004 93.

356 2017 400 2045 (ὅ)
418 2015 538 2043 Bohnius,
559 2016 588 2038 de
606 2014 756 2044 renunciat.‚
775 2022 830 2045 pag.
847 2014 899 2036 246.
926 2013 1033 2042 Alberti,
1052 2012 1184 2044 jurisprud.
1204 2012 1263 2044 leg„
1284 2019 1339 2044 pag.
1355 2013 1409 2043 529.

356 2056 400 2086 (4)
417 2055 585 2079 Dictionnaire
602 2055 643 2078 des
658 2055 746 2078 sciene.
766 2054 850 2086 meld„
869 2054 953 2078 article
975 2055 1089 2078 blessure.
