1747 2620
134 285 257 317 Verum
281 283 462 315 Florentia&
487 283 614 315 civitate
639 294 657 313 a
677 281 826 313 Mediceis
847 283 1020 324 occupata,
1049 283 1089 315 ad
1112 284 1297 317 Monarchas
1324 297 1356 318 se
1382 298 1459 319 con·

133 339 228 371 vertit
250 343 380 376 auctor,
409 337 511 379 iisque
535 336 569 366 in
595 335 676 366 libro
699 334 738 365 de
763 335 913 377 Principe
937 336 1095 378 aptissima
1119 337 1271 369 indicavit
1299 339 1459 371 firmandae

133 391 282 434 potentiae
303 389 423 428 media,
450 400 521 432 quae
542 389 601 431 ipsi
623 399 697 419 cum
719 388 886 419 civitatum
906 389 1086 421 Italicarum
1110 390 1263 431 Annales,
1291 397 1361 423 tum
1384 404 1460 435 pro-

133 443 201 485 pria
231 441 432 484 publicarum
464 452 575 472 rerum
604 441 799 483 experientia
829 441 1080 484 suppeditarant.
1116 443 1320 486 Quocunque
1352 451 1460 476 autem

133 495 261 526 consilio
282 494 399 525 librum
422 494 461 525 de
484 494 634 536 Principe
656 494 876 536 conscripserit
901 495 1138 536 Macchiavelli,
1165 497 1225 527 hoc
1249 498 1459 530 certissimum

133 554 197 587 est,
225 553 382 590 praecepta
408 546 475 590 ejus
503 559 577 578 cum
607 547 641 577 in
671 546 866 578 tractandam
901 549 975 578 artis
1003 549 1139 591 politicae
1169 556 1201 581 et
1231 549 1308 593 juris
1339 551 1460 593 publici

133 600 347 643 disciplinam,
375 606 444 632 tuni
467 601 500 639 in
524 601 623 642 ipsam
644 600 839 643 populorum
865 601 1068 642 felicitatem,
1097 603 1182 645 quod
1209 614 1283 634 sane
1309 605 1459 646 gravioris

133 655 285 685 momenti
308 659 373 693 est,
396 654 604 696 perniciosam
625 655 689 685 vim
710 655 894 685 exseruisse.
921 654 1057 686 Plurimi
1082 657 1188 694 enim,
1212 657 1268 698 qui
1290 663 1359 698 post
1383 669 1458 688 eum

132 707 170 738 de
190 706 326 750 publicis
350 706 444 738 rebus
465 707 611 750 gerendis
634 708 849 750 scripserunt,
877 707 1096 739 Macchiavelli
1121 709 1318 749 doctrinam,
1344 712 1459 753 saepius

130 760 213 791 male
231 760 441 799 intellectam,
465 760 604 802 amplexi
623 766 698 791 sunt
719 766 750 791 et
772 760 1003 800 extenderunt,
1025 762 1178 804 regnandi
1197 763 1360 793 scientiam
1381 763 1459 794 dolis

131 820 163 844 et
181 813 300 844 artibus
323 819 481 853 constare,
504 813 608 844 omnia
629 813 767 855 principi
788 814 822 843 in
841 813 997 856 populum
1023 814 1135 854 licere,
1158 816 1277 847 civium
1301 816 1372 859 jura
1393 827 1459 848 esse

129 866 233 906 nulla,
260 866 417 898 docentes.
440 867 635 909 Imperantes
656 877 747 905 vero,
773 867 947 908 praesertim
967 868 1000 897 in
1019 867 1123 906 Italia,
1148 868 1313 910 Hispania,
1337 869 1456 909 Gallia,

130 919 260 961 Anglia,
283 925 316 950 et
333 925 514 961 temporum
533 918 662 949 illorum
682 918 900 960 improbitate,
918 925 950 949 et
966 919 1305 953 Macchiavellistarum
1322 923 1458 953 consiliis

131 972 287 1013 corrupti,
317 977 502 1013 potestatem
533 982 623 1002 suam
654 982 718 1001 non
750 970 862 1013 populi
890 982 1067 1012 consensu,
1098 973 1152 1004 sed
1183 974 1241 1004 Dei
1270 976 1457 1007 auctoritate

132 1025 275 1066 proxime
299 1025 358 1054 niti
382 1024 584 1063 arbitrantes,
609 1024 728 1055 civium
751 1023 821 1066 jura
843 1030 875 1054 et
894 1024 1074 1056 libertatem
1094 1027 1227 1068 impune
1250 1028 1420 1059 violarunt.

173 1077 296 1107 Verum
320 1076 408 1107 brevi
430 1082 572 1118 tempore
596 1075 649 1106 illa
671 1076 889 1107 Macchiavelli
910 1084 1084 1120 praecepta,
1108 1079 1230 1121 scriptis
1250 1079 1397 1120 defensa,
1422 1082 1456 1112 in

128 1128 263 1171 publicis
296 1129 430 1171 negotiis
459 1128 641 1167 observata,
675 1128 768 1159 aliam
798 1129 974 1160 doctrinam
1008 1131 1127 1163 civitati
1152 1143 1244 1174 aeque
1274 1133 1456 1166 damnosam

126 1188 378 1224 progenuerunt.
405 1183 593 1225 Principum
614 1182 700 1213 enim
722 1182 838 1213 ferocia
862 1189 894 1214 et
920 1183 1259 1216 Macchiavellistarum
1278 1188 1456 1219 temeritate

127 1236 317 1277 exasperati,
340 1235 400 1265 viri
420 1235 600 1278 complures
622 1236 756 1267 civitatis
777 1242 809 1266 et
830 1236 956 1278 imperii
977 1237 1130 1279 originem
1154 1244 1186 1268 et
1206 1239 1455 1272 fundamentum

126 1289 304 1319 accuratius
324 1289 572 1331 investigarunt,
594 1294 631 1319 ut
654 1288 728 1319 inde
748 1288 846 1332 justos
865 1300 997 1320 summae
1022 1291 1183 1332 potestatis
1203 1297 1235 1322 et
1255 1292 1355 1323 civilis
1378 1293 1456 1324 obe-

126 1340 252 1372 dientiae
266 1341 383 1372 limites
398 1342 664 1381 determinarent3
681 1340 827 1383 illudque
844 1341 1092 1374 fundamentum
1107 1344 1140 1374 in
1156 1346 1319 1375 communi
1335 1347 1454 1377 civium

125 1405 296 1434 consensu,
318 1406 374 1426 seu
393 1394 504 1437 populi
525 1395 735 1427 conventione
756 1400 942 1436 posuerunt.
965 1395 1069 1426 Medio
1086 1396 1184 1438 igitur
1205 1397 1312 1428 seculo
1331 1398 1453 1429 decimo

125 1453 212 1478 sexto
231 1453 304 1478 nata
326 1453 372 1478 est
393 1449 569 1487 sententia,
597 1448 756 1479 civitatem
780 1453 813 1478 et
834 1448 1021 1490 imperium,
1046 1450 1222 1481 secundum
1246 1451 1375 1482 rationis
1396 1452 1454 1483 de—

127 1506 227 1539 creta,
247 1500 357 1542 populi
373 1502 583 1533 conventione
602 1501 736 1532 fundata
758 1512 835 1532 esse.
859 1501 1139 1540 Quemadmodum
1156 1509 1262 1534 autem
1283 1504 1453 1536 adversarii

126 1552 212 1583 illam
237 1552 276 1584 de
297 1552 403 1585 divina
426 1555 551 1596 imperii
573 1555 694 1597 origine
715 1555 898 1597 opinionem
919 1555 1001 1586 male
1023 1556 1265 1596 intellexerant,
1290 1558 1334 1588 sic
1357 1558 1453 1590 etiam

125 1605 159 1636 hi
182 1606 241 1637 viri
264 1617 378 1638 novam
400 1606 439 1638 de
463 1614 555 1650 pacto
580 1608 813 1640 fundamentali
838 1609 1027 1640 sententiam
1051 1621 1217 1652 perperam
1240 1612 1369 1641 omnino
1395 1623 1452 1642 ex-

125 1657 319 1700 plicuerunt.
347 1660 393 1690 Ita
419 1661 503 1691 enim
519 1685 527 1700 ‚
560 1662 597 1692 A.
628 1662 685 1702 H.,
712 1668 892 1705 comparata
922 1674 988 1694 esse
1013 1663 1140 1695 videtur
1167 1665 1290 1706 generis
1319 1664 1453 1696 humani

125 1717 256 1751 natura,
280 1718 333 1752 ut,
355 1724 418 1755 quo
440 1713 661 1746 vehementius
684 1726 824 1747 errorem
849 1716 988 1759 aliquem
1012 1716 1155 1760 fugimus
1177 1723 1209 1748 et
1228 1717 1450 1760 reprobamus,

126 1774 163 1794 eo
183 1765 313 1807 pronius
338 1777 462 1809 semper
488 1768 522 1798 in
546 1779 683 1800 errorem
698 1770 902 1803 *contrarium
928 1770 1115 1802 incidamus.
1147 1771 1335 1802 Docuerunt
1354 1771 1452 1802 nimi-

125 1828 198 1848 rum
220 1817 254 1849 hi
279 1820 353 1851 novi
374 1822 498 1862 generis
523 1822 706 1865 scriptores,
735 1835 898 1855 summum
919 1824 953 1854 in
978 1824 1105 1856 civitate
1131 1824 1302 1866 imperium
1327 1835 1452 1867 semper

125 1870 211 1912 apud
236 1872 391 1914 populum
420 1885 501 1914 esse,
529 1875 568 1906 ab
593 1875 654 1907 hoc
680 1882 788 1908 autem
816 1876 885 1921 ejus
912 1878 1105 1908 exercitium
1129 1878 1162 1908 in
1191 1877 1290 1920 Reges
1311 1889 1453 1910 conven-

125 1924 211 1955 tione
235 1926 414 1967 transferri3
440 1928 577 1971 ideoque
598 1931 757 1973 principes
777 1941 843 1961 esse
865 1930 976 1973 populi
1001 1929 1175 1972 delegatOS,
1203 1941 1297 1972 quos,
1323 1931 1347 1961 si
1371 1930 1451 1961 male

124 1976 257 2019 imperio
284 1984 433 2019 utantur,
458 1987 489 2012 et
514 1981 668 2025 dignitate
692 1995 839 2027 suprema
865 1984 991 2027 privare
1014 1989 1046 2015 et
1071 1985 1187 2026 punire
1208 1983 1312 2015 liceat.
1345 1984 1450 2022 Quam

1079 2048 1100 2077 2
