1747 2620
908 247 1023 290 (52)

743 369 938 402 SECTIO
998 368 1173 400 PRIOR.

359 482 434 508 QUAE
463 481 546 502 AG1T
572 481 614 500 DE
643 478 859 499 VULNERIBUS
887 476 1042 497 PART1UM
1073 475 1247 496 THORACIS
1277 477 1555 498 CONTINENTIUM.

336 584 455 615 Omnes
482 589 586 626 partes
615 593 687 626 quae
710 581 861 612 Thoracis
886 580 1086 611 continentes
1115 578 1289 619 dicuntur,
1320 586 1452 622 possunt
1479 581 1512 611 in
1537 579 1633 612 binas⁴

290 639 410 681 species
434 637 548 671 dividi:
577 638 610 669 in
637 637 732 668 duras
755 635 876 666 scilicet
901 639 933 665 et
957 633 1084 665 molles:
1111 638 1148 663 ut
1168 632 1276 664 lucido
1295 633 1422 673 ordine,
1449 640 1479 665 et
1501 634 1537 665 ea
1563 634 1627 677 qua

291 693 382 724 decet
402 693 483 724 serie
499 691 759 735 progrediamur,
780 689 884 732 primo
904 687 943 718 de
957 686 1146 719 vulneribus
1162 687 1302 729 partium
1319 698 1495 726 ossearum‚
1511 687 1628 719 deinde

290 746 329 778 de
355 746 543 779 vulneribus
569 745 710 788 partium
734 743 882 775 mollium
903 752 1055 785 agemus3
1083 741 1192 783 sicque
1223 746 1287 772 tota
1312 740 1380 772 haec
1408 742 1521 780 sectio,
1546 741 1628 773 binis

290 801 454 844 praecipue
484 799 628 843 partibus
659 797 832 830 constabit:
862 797 949 839 prior
982 795 1021 826 de
1047 794 1227 826 laesionibus
1258 794 1417 827 columnae
1444 794 1629 827 vertebralis

291 854 506 896 medullaeque
528 852 657 896 spinalis
676 851 742 882 illic
763 851 912 890 inclusae,
938 850 978 882 de
998 849 1187 882 vulneribus
1208 855 1382 889 costarum,
1402 848 1629 880 fibro-cartila-

291 909 403 951 ginum
421 913 454 938 et
469 908 584 946 sterni;
601 906 755 949 posterior
770 910 879 936 autem
895 904 935 935 de
952 903 1173 934 musculorum
1190 903 1285 934 variis
1299 902 1506 942 sectionibus,
1522 914 1630 946 punc-

291 963 370 993 turis
395 967 427 992 et
452 959 692 992 contusionibus
717 958 820 997 dicet,
851 956 969 1001 quibus
997 956 1151 987 musculis
1181 956 1277 987 etiam
1308 956 1516 999 diaphragma
1540 968 1630 988 com-

289 1015 526 1059 prehendetur,
548 1015 669 1057 quippe
693 1013 769 1055 quia
790 1011 873 1043 illud
895 1021 1006 1043 revera
1029 1016 1076 1041 est
1096 1021 1252 1053 organum
1274 1009 1425 1040 Thoracis
1450 1010 1627 1041 continens.

292 1071 329 1101 In
351 1069 412 1100 haic
432 1068 598 1112 posteriori
622 1067 761 1098 sectione
787 1064 962 1096 dicendum
986 1064 1047 1095 erit
1071 1063 1111 1094 de
1132 1064 1336 1096 extravasatis
1357 1064 1391 1094 in
1414 1070 1543 1107 pectore
1565 1064 1631 1097 hu—

292 1122 450 1164 moribus,
472 1122 511 1154 de
532 1121 687 1165 gravitate
707 1119 844 1164 hujusce
866 1119 933 1159 rei,
961 1117 1000 1149 de
1022 1117 1166 1160 periculo
1187 1123 1219 1150 et
1237 1117 1396 1150 remediis.

768 1241 899 1273 PARS
961 1240 1141 1272 PRIOR.

323 1342 368 1365 DE
384 1339 597 1365 VULNERIBUS
613 1337 766 1362 PARTIUM
786 1336 960 1360 OSSEARUM
976 1336 1017 1360 ET
1034 1336 1078 1359 DE
1094 1335 1216 1361 EORUM
1233 1335 1342 1361 VAR1A
1358 1335 1608 1362 LETHALITATE.>

484 1425 508 1468 g
535 1425 560 1455 I.
631 1433 774 1456 COLUMNA
811 1431 1011 1453 VERTEBRALIS
1048 1433 1085 1452 ET
1122 1432 1261 1453 MEDULLA
1299 1431 1440 1452 sinimus.

340 1529 476 1573 Jamjam
500 1527 764 1566 memoravimus,
799 1525 982 1557 columnam
1002 1523 1212 1557 vertebralem
1239 1524 1385 1567 portione
1410 1523 1634 1557 vertebrarum

297 1584 444 1618 annulari
463 1583 601 1613 formare
623 1581 783 1620 canalem,
807 1580 864 1622 qui
882 1578 1058 1610 medullam
1082 1577 1236 1621 spinalem
1256 1577 1404 1609 includit.
1434 1579 1471 1609 In
1491 1578 1632 1610 luxatio—

297 1639 392 1670 nibus
416 1637 467 1670 vel
493 1636 649 1667 sractioris
672 1634 771 1678 hujus
794 1632 893 1664 caulis
913 1633 1008 1671 ossei,
1039 1631 1143 1663 simile
1169 1631 1248 1674 quid
1268 1631 1383 1662 accidit
1410 1643 1446 1663 ac
1472 1632 1506 1663 in
1532 1633 1636 1665 cranii.

298 1693 461 1730 fracturis,
488 1690 574 1733 quod
592 1682 793 1731 nempeffllae
812 1687 954 1718 laesiones
978 1697 1041 1717 non
1062 1691 1126 1716 tam
1147 1696 1259 1728 graves
1279 1686 1342 1716 sint
1362 1691 1493 1728 propter
1511 1696 1633 1717 osseam

298 1746 542 1777 continuitatem
570 1743 728 1782 solutam,
760 1752 857 1784 quam
886 1740 1018 1784 quidem
1045 1746 1175 1783 propter
1205 1739 1357 1771 damnum
1386 1740 1527 1782 insigne,
1567 1751 1637 1783 quo

299 1801 434 1832 afficitur
458 1798 626 1830 cerebrum
646 1803 678 1829 et
702 1796 841 1828 medulla
862 1795 991 1838 spinalis
1011 1794 1076 1837 (1);
1110 1800 1143 1826 et
1169 1805 1280 1825 revera
1310 1799 1374 1824 tam
1401 1794 1515 1825 intimo
1543 1805 1632 1826 nexu

300 1856 384 1886 inter
405 1864 470 1883 sese
490 1853 651 1884 uniuntur
672 1850 820 1882 columna
838 1855 869 1881 et
890 1849 1048 1888 medulla,
1072 1854 1109 1880 ut
1127 1849 1195 1879 fere
1215 1859 1341 1891 semper
1359 1848 1455 1879 simul
1475 1847 1633 1880 laedantur

300 1915 333 1940 et
353 1914 390 1939 ut
410 1906 601 1948 impossibile
622 1906 661 1936 sit
682 1904 811 1948 speciali
831 1910 864 1935 et
882 1909 1025 1946 separato
1041 1902 1134 1934 modo
1153 1908 1347 1946 pertractare
1365 1902 1508 1933 laesiones
1524 1907 1633 1934 verte—

299 1962 430 1994 brarum
448 1965 480 1990 et
494 1959 628 1991 vulnera
650 1958 792 1990 funiculi
807 1959 951 1990 rachitici
971 1958 1029 2000 (2).
1056 1956 1150 1988 Haud
1168 1963 1275 1988 tamen
1295 1957 1425 1988 omnino
1441 1955 1635 2000 impossibile

327 2032 1617 2043 μμ

361 2076 394 2106 (1)
412 2074 564 2102 fficherand,
581 2081 675 2104 nosogr.
692 2073 812 2104 chirurg.‚
832 2078 890 2096 tom.
908 2075 939 2097 11.
958 2081 1012 2104 pag.
1033 2074 1084 2096 238.
1107 2073 1199 2103 Boyer,
1217 2072 1307 2095 malad.
1327 2071 1447 2102 chirurg.,
1466 2070 1536 2101 chap.
1551 2070 1573 2093 5.

362 2116 394 2146 (2)
411 2116 446 2138 De
463 2115 561 2145 Mussy,
579 2114 679 2137 histoire
697 2113 725 2137 de
739 2114 854 2145 quelques
868 2112 994 2137 affectious
1011 2113 1039 2136 de
1056 2113 1080 2135 la
1096 2113 1197 2136 calonne
1213 2112 1318 2139 vertet»,
1340 2118 1393 2141 pag.
1414 2111 1437 2133 4.
