1747 2620
714 254 828 298 (99)

106 328 325 359 Intercostales
338 333 402 359 tam
416 327 535 359 interni
551 337 646 369 quam
666 327 791 356 externi
806 327 952 369 sequenti
969 326 1062 357 modo
1077 327 1233 357 actionem
1250 338 1339 358 suam
1356 339 1433 359 exe-

106 387 200 421 runt3
216 381 298 413 binae
313 381 433 424 priores
446 387 537 412 costae
552 391 609 423 per
622 379 752 410 modum
764 391 828 410 suae
843 380 1070 411 articulationis
1088 380 1155 411 fere
1169 380 1347 412 immobiles
1358 387 1433 412 sunt

106 440 139 465 et
153 435 196 465 sic
216 440 372 476 punctum
389 435 488 465 fixum
511 433 621 477 (cujus
635 433 740 465 adhuc
757 434 858 464 fixitas
875 445 932 476 per
947 434 1104 465 actionem
1120 434 1318 465 scalenorum
1335 435 1434 478 major

106 486 271 529 redditur)
290 487 444 526 formant,
467 486 505 517 ad
527 486 612 529 quod
632 493 790 529 punctum
812 498 920 518 omnes
942 499 981 519 ex
1003 488 1113 519 ordine
1135 494 1241 527 costae,
1266 488 1434 531 agentibus

105 539 372 579 intercostalibus,
401 540 607 571 attrahuntur
637 546 670 571 et
698 540 849 571 Thoracis
875 542 919 572 sic
947 541 1139 573 diametrum
1165 548 1374 573 transversam
1402 548 1435 573 et

104 594 441 636 antero-posteriorem
453 594 629 637 adaugent,
645 594 781 636 haecque
793 596 936 627 attractio
948 606 984 626 eo
997 596 1031 626 fit
1044 595 1185 635 facilius,
1199 595 1285 638 quod
1297 595 1435 627 musculi

105 646 281 677 abdominis
305 646 438 677 relaxati
457 653 549 686 sunt,
571 654 602 678 et
621 648 743 679 nullam
767 649 810 679 sic
831 650 1092 691 antagonisticam
1112 650 1175 682 vim
1197 655 1375 692 opponunt.
1397 650 1434 680 In

104 700 198 731 tertio
219 699 359 742 denique
375 699 477 742 gradu
497 700 548 731 vel
566 701 600 730 in
619 700 775 743 dyspnea,
799 702 937 733 musculi
957 702 1055 745 major
1075 708 1108 734 et
1126 704 1232 733 minor
1248 702 1434 744 pectoralis,

104 751 204 796 major
223 753 387 792 dentatus,
413 754 518 784 minor
536 753 684 784 dentatus
703 754 861 796 superior,
887 754 1092 795 subclaveuS,
1116 755 1184 787 hini
1206 756 1323 787 scaleni
1339 757 1435 788 simul

104 817 179 838 cum
195 806 434 849 diaphragmate
449 813 482 838 et
498 806 767 847 intercostalibus,
784 809 970 851 caeterisque
985 808 1048 852 jam
1064 809 1258 852 nuncupatis
1279 809 1434 841 musculis

104 860 260 891 actionem
276 872 365 891 suam
386 861 420 891 in
442 872 545 891 unum
566 860 738 892 conferunt
759 861 798 892 ad
818 863 1057 905 inspirationem
1078 862 1324 905 exsequendam.
1355 864 1434 894 Dia-

102 913 257 957 phragma
278 920 310 945 et
326 913 541 945 intercostales
562 914 659 945 modo·
676 914 804 958 jamjam
826 915 964 947 indicato
986 922 1104 959 agunt,
1126 917 1160 947 in
1181 917 1274 947 anxia
1296 917 1434 959 respira—

102 967 190 998 tione
209 967 349 999 vidimus
360 973 508 1009 aegrotos,
525 973 622 1010 caput
636 968 772 999 sublime
791 975 952 1009 tenentes,
974 976 1132 1012 punctum
1150 970 1309 1013 quoddam
1332 971 1433 1002 fixum

103 1020 251 1052 manibus
287 1021 522 1064 prehendentes
534 1045 542 1061 ,
581 1027 620 1053 ut
649 1023 694 1053 sic
733 1023 744 1064 (
761 1023 893 1054 artubus
925 1023 1141 1066 superioribus
1175 1024 1245 1062 fixis
1278 1023 1433 1066 redditis)

103 1074 269 1106 musculus
290 1074 390 1118 major
409 1075 575 1117 pectoralis
589 1085 648 1118 per
671 1075 850 1118 portionem
870 1087 959 1107 suam
981 1076 1129 1107 costalem
1156 1082 1307 1119 totusque
1330 1077 1433 1107 minor

102 1127 269 1170 pectoralis
293 1129 412 1170 possint
437 1134 535 1159 costas
557 1129 712 1159 exteriora
737 1139 846 1160 versus
867 1128 1032 1172 abripere,
1066 1129 1185 1160 scaleni
1205 1129 1273 1160 bini
1297 1130 1432 1172 primam

102 1186 136 1212 et
153 1180 326 1212 secundam
346 1187 463 1212 costam
486 1192 612 1213 sursum
633 1180 817 1222 sublevant,
839 1182 987 1214 dentatus
1005 1183 1108 1213 minor
1127 1188 1159 1213 et
1177 1181 1277 1227 major
1298 1194 1433 1225 praeser-

101 1235 159 1266 tim
181 1234 258 1266 dum
281 1235 516 1266 contrahuntur
536 1241 634 1266 costas
657 1235 812 1266 exteriora
830 1246 939 1267 versus
957 1236 1083 1268 fortiter
1102 1236 1252 1276 trahunt,
1272 1237 1316 1267 sic
1334 1237 1433 1279 igitur

100 1293 164 1320 tres
181 1288 398 1331 inspirationis
407 1288 523 1331 gradus
538 1287 665 1332 jamjam
682 1289 908 1331 persolvimus,
925 1289 1074 1321 adeamus
1089 1301 1176 1322 nunc
1188 1291 1431 1333 expirationem.

144 1342 309 1384 Expiratio
325 1353 360 1374 ea
376 1348 423 1373 est
437 1343 573 1385 pectoris
587 1343 683 1383 actio,
699 1342 758 1373 suh
773 1342 836 1385 qua
853 1343 950 1386 ipsius
970 1355 1084 1375 cavum
1103 1345 1259 1375 minorem
1277 1345 1432 1386 amplitu-

101 1394 208 1427 dinem
228 1395 434 1438 adipiscitur,
447 1396 535 1428 unde
550 1395 619 1440 ejus
634 1397 770 1439 parietes
796 1396 1003 1439 pulmonibus
1026 1397 1248 1429 incumbentes
1268 1400 1373 1429 aerem
1391 1410 1432 1430 ex

99 1448 175 1491 ipsis
189 1449 372 1492 expellunt,
388 1448 531 1481 chemice
548 1449 610 1494 jam
632 1461 690 1492 per
707 1450 805 1492 ipsam
829 1451 1068 1493 respirationem
1085 1452 1300 1494 inquinatum.
1323 1452 1362 1482 In
1377 1451 1432 1483 illa

101 1512 229 1544 quoque
259 1503 352 1534 sicuti
377 1504 409 1533 in
438 1503 645 1546 inspiratione
676 1503 732 1534 tria
760 1503 857 1534 stadia
887 1503 1054 1537 observare
1077 1504 1172 1544 licet,
1199 1506 1340 1547 primum
1373 1517 1429 1548 per

100 1554 197 1586 solius
220 1555 466 1599 diaphragmatis
489 1557 718 1588 relaxationem
740 1556 845 1588 locuni
868 1557 983 1597 habet,
1007 1558 1185 1589 relaxatum
1204 1558 1289 1589 enim
1312 1559 1430 1591 iterum

101 1608 137 1639 fit
159 1619 285 1640 sursum
305 1620 506 1650 convexum,
528 1621 645 1653 organa
671 1610 880 1642 abdominalia
910 1622 976 1642 sese
999 1611 1236 1655 aliquantulum
1260 1612 1294 1642 in
1319 1618 1430 1655 pectus

101 1661 243 1702 elevant,
266 1662 374 1705 sicque
394 1664 447 1694 ae'r
467 1674 484 1694 e
505 1663 711 1706 pulmonibus
731 1664 880 1706 pellitur,
902 1664 971 1696 haec
993 1665 1123 1707 quidem
1139 1665 1349 1708 placidissima
1371 1677 1430 1697 ex-

102 1714 215 1756 piratio
227 1716 260 1747 in
276 1727 385 1747 somno
401 1716 559 1748 ordinarie
575 1718 693 1748 existit:
709 1718 886 1749 secundum
901 1730 975 1750 vero
991 1719 1126 1750 stadium
1144 1719 1239 1762 vulgo
1254 1720 1287 1750 in
1301 1720 1429 1751 homine

104 1767 157 1798 vel
177 1768 359 1801 ambulante
383 1770 435 1802 vel
464 1770 590 1813 placide
616 1783 676 1802 nec
703 1773 797 1803 enixe
830 1772 992 1804 laborante
1019 1773 1224 1813 observatur,
1254 1773 1322 1805 haec
1350 1779 1428 1805 tunc

105 1820 275 1862 expiratio,
290 1829 405 1865 praeter
426 1823 672 1868 diaphragmatis
692 1827 865 1867 actionem,
886 1833 959 1871 eget
977 1838 1107 1870 quoqne
1126 1827 1319 1858 relaxatione
1340 1839 1429 1859 mus-

104 1872 248 1906 culorum
269 1876 518 1910 intercostalium
536 1879 865 1921 in-et-externorum,
892 1887 988 1923 atque
1010 1880 1286 1922 supracostalium3
1308 1881 1428 1924 quippe

103 1926 159 1968 qui
180 1926 311 1959 relaxati
333 1936 446 1971 costas,
463 1943 545 1975 quas
563 1939 654 1965 antea
676 1946 803 1966 sursum
819 1940 849 1965 et
866 1940 1043 1965 extrorsum
1063 1932 1247 1973 trahebant,
1263 1933 1322 1965 sibi
1338 1946 1426 1966 nunc

102 1979 348 2024 derelinquunt,
362 1983 439 2015 dum
454 1985 547 2018 haein
562 1987 733 2029 pristinum
750 1994 867 2019 statum
883 1987 1059 2018 resilientes
1075 1986 1283 2029 pulmonibus
1296 1989 1424 2020 incum—

99 2032 198 2075 hunt,
211 2040 307 2078 atque
321 2035 365 2067 sic
376 2037 505 2079 quidem
515 2050 589 2072 cum
600 2040 840 2084 diaphragmate
854 2039 950 2072 simul
967 2042 1073 2072 ae'rem
1088 2040 1268 2084 expellunt.
1279 2041 1425 2073 Tertium
