1747 2620
683 242 696 286 (
720 241 760 274 33
786 241 798 285 )

118 327 288 366 Secunda,
318 336 413 370 quam
435 319 634 365 accepimus,
661 315 907 356 commentatio,
928 325 987 359 pro
1011 313 1163 346 lemmate
1182 311 1337 345 exhibens
1356 312 1414 345 hos

74 396 183 419 versus
209 377 476 415 Anti-Lucretii:

275 456 290 473 ι(
313 442 413 472 Mirari
434 440 502 469 satis
523 445 658 477 nequeo,
682 433 748 475 quis
769 432 889 463 tetricus
910 432 1031 470 horror,
1055 430 1132 461 etc-'⁵

117 507 216 540 Plena
237 510 285 536 est
309 499 555 534 abstrusioribus
575 493 866 539 disquisitionibUS,
893 503 965 536 quae
991 503 1085 532 vero,
1107 501 1182 522 cuni
1203 489 1242 522 ad
1265 489 1415 533 quaestio-

74 574 147 595 nem
167 558 362 604 propositam
384 554 531 599 proxime
550 551 683 596 quidem
703 561 769 581 non
788 548 927 588 faciant,
949 547 1053 579 omitti
1070 546 1183 578 utilius
1201 550 1257 576 aut
1273 544 1417 576 contrahi

73 617 176 648 saltim
203 617 368 657 poterant,
395 616 433 642 ut
456 608 525 640 aliis
550 607 652 650 magis
679 604 864 636 necessariis
892 602 981 634 locus
1006 601 1256 644 relinqueretur.
1288 599 1416 639 Oratio,

72 671 148 702 licet
172 667 291 700 crebris
312 664 482 709 poetarum
509 659 688 694 luminibus
711 658 882 697 distincta,
914 656 1078 687 obscurior
1103 661 1212 685 tamen
1239 660 1271 685 et
1301 653 1418 684 aridior

74 730 121 757 est
151 728 184 754 et
215 729 463 762 nonnumquam
495 715 620 748 redolet
649 712 875 744 scholasticum
906 716 939 742 et
967 709 1146 741 obsoletum
1174 707 1276 752 quid,
1306 708 1349 738 ita
1381 713 1419 738 ut

73 776 217 824 juvenile
239 774 410 818 ingenium
434 772 470 803 in
490 781 527 802 ea
550 770 604 802 vix
627 777 788 811 agnoscas.

123 832 256 864 Tertiae
284 825 562 861 commentationis
586 828 715 862 auctor,
741 819 919 865 epigraphe
939 830 1017 851 usus
1042 818 1130 850 haec:

273 904 287 921 «
313 891 408 921 Morte
430 896 529 919 carent
550 886 684 917 animae.''

692 935 765 971 Quid.

117 993 311 1034 Quaestionis
334 996 367 1021 et
388 988 557 1020 consilium
582 986 682 1018 nitius
708 984 886 1023 intellexit,
913 989 946 1015 et
971 983 1036 1016 vim
1062 982 1317 1025 gravitatemque
1342 992 1419 1024 per-

74 1049 172 1081 sensit
202 1047 317 1079 acrius.
358 1043 449 1085 Opus
479 1052 574 1073 suum
606 1039 747 1070 confecit
777 1044 842 1068 tam
869 1043 943 1080 apto
974 1043 1007 1068 et
1031 1035 1142 1067 subtili
1172 1046 1247 1067 cum
1277 1033 1418 1079 judicio,

75 1110 140 1134 tam
167 1104 315 1131 accurata
336 1102 368 1127 et
388 1094 549 1138 prudente
573 1103 683 1124 rerum
708 1091 977 1129 consideratione,
1000 1095 1039 1120 ut
1064 1087 1302 1132 perjucundam
1329 1087 1419 1119 nobis

73 1153 216 1188 effecerit
231 1148 526 1188 commentationis,
550 1146 728 1190 praesertim
748 1145 783 1176 in
800 1143 999 1188 exponendis
1016 1143 1215 1186 argumentis
1229 1142 1418 1182 Platonicis,

73 1209 256 1241 lectionem.

121 1262 273 1303 Quarta,
302 1269 374 1302 quae
392 1256 483 1288 nobis
503 1256 597 1287 missa
619 1260 681 1294 est,
704 1254 866 1296 responsio
883 1251 987 1285 verbis
1008 1252 1160 1295 inscripta
1182 1250 1417 1283 Ciceronianis:

274 1333 289 1352 «
313 1322 360 1351 Sic
380 1320 452 1350 mihi
472 1318 619 1360 persuasi,
642 1317 683 1347 sic
705 1317 817 1355 sensio,
840 1321 912 1353 etc„
936 1313 1015 1345 etc.”

116 1386 196 1417 Rem
217 1381 426 1427 pertractavit
447 1378 540 1411 modo
563 1377 774 1422 generaliore.
799 1376 922 1408 Auctor
946 1387 985 1407 ex
1007 1375 1138 1407 historia
1163 1375 1292 1406 nonnisi
1313 1374 1417 1418 capita

73 1450 183 1472 rerum
212 1437 408 1478 decerpenS,
438 1438 630 1476 argumenta
661 1431 835 1474 exquirere
862 1429 997 1470 maluit,
1028 1440 1127 1472 quam
1151 1433 1418 1472 argumentorum

75 1498 231 1525 auctores.
258 1489 316 1520 Illa
338 1494 447 1520 autem
473 1493 506 1518 et
526 1486 670 1530 plenius,
692 1495 790 1528 quam
813 1483 949 1527 reliqui,
971 1483 1134 1515 recensuit
1156 1488 1189 1514 et
1214 1482 1327 1514 ordine
1353 1482 1419 1513 dis-

76 1545 183 1589 posuit
200 1543 349 1582 meliore,
369 1552 465 1585 quem
486 1546 596 1572 tamen
616 1540 758 1573 severius
780 1539 877 1570 etiam
900 1538 1099 1581 adstringere
1117 1536 1238 1581 regulis
1256 1536 1419 1569 divisionis

75 1600 186 1644 logicae
206 1597 358 1637 debebat,
384 1602 422 1628 ut
447 1597 542 1629 variae
568 1596 749 1629 vitarentur
777 1593 985 1637 repetitiones
1008 1591 1151 1624 inutiles.
1183 1590 1417 1622 Commentatio

77 1660 221 1687 ceterum
248 1650 492 1683 commendatur
525 1650 668 1681 oratione
694 1648 806 1692 plana,
840 1647 1031 1691 perspicua,
1055 1657 1117 1678 nec
1142 1645 1347 1689 inelegante,
1373 1647 1417 1677 ita

77 1715 114 1742 ut
129 1708 258 1740 omnino
279 1705 473 1746 faciliorem,
496 1715 594 1748 quam
615 1703 816 1747 reliquarum
836 1701 920 1742 ulla,
944 1702 1042 1733 totius
1059 1700 1243 1744 argumenti
1264 1710 1419 1743 conspec-

77 1769 149 1795 tum
177 1760 330 1805 praebeat.

127 1817 273 1857 Quintus
309 1815 449 1859 denique
483 1813 612 1845 libellus
641 1818 727 1844 totus
757 1811 826 1843 fere
854 1815 1001 1843 versatur
1034 1810 1067 1840 in
1101 1808 1232 1840 historia
1261 1807 1418 1851 dogmatis

77 1869 298 1914 propinanda,
326 1869 369 1901 ita
399 1874 438 1901 ut
465 1869 588 1912 potius,
620 1873 692 1911 post
721 1867 799 1899 alios
825 1865 961 1906 multos,
985 1864 1174 1896 litterariam
1198 1874 1288 1904 rem,
1320 1874 1418 1906 quam

76 1923 298 1968 philosopham
323 1929 472 1955 tractasse
497 1922 656 1956 videatur.

123 1988 172 2019 Ex
198 1987 248 2018 his
273 1987 373 2029 igitur
400 1985 722 2018 commentationibus
750 1983 879 2016 nonnisi
911 1983 1011 2015 tertia
1036 1987 1069 2014 et
1091 1986 1217 2025 quarta
1240 1981 1315 2014 visne
1343 1985 1419 2012 sunt

79 2042 119 2079 de
137 2042 269 2087 praemio
289 2042 376 2086 regio
394 2053 482 2086 posse
504 2041 710 2074 contendere.
736 2040 824 2072 Inter
844 2038 901 2071 has
920 2043 1029 2070 autem
1049 2036 1208 2082 judicium
1226 2046 1417 2080 suspensum
