1747 2620
711 272 823 315 (45)

96 359 176 379 num
203 347 356 391 posterior
385 346 578 379 classificatio
606 346 701 390 possit
726 346 760 377 in
785 352 940 389 sequente
968 346 1118 390 exemplo
1140 347 1306 379 adhiberi:
1336 348 1431 380 homo

96 402 228 445 quidam
253 402 370 434 vulnus
393 402 516 445 accepit
537 411 685 444 magnam
709 399 917 443 pulmonibus
940 400 1101 432 laesionem
1125 401 1291 444 infligens,
1316 402 1433 434 medici

96 455 240 488 advocati
262 457 369 487 omnia
391 462 485 487 rectae
507 455 726 487 medicationis
744 454 849 486 media
868 455 927 498 ipsi
945 455 1143 499 largiuntur,
1165 462 1198 488 et
1217 462 1326 487 tamen
1342 456 1433 488 nulla

97 510 158 542 alia
180 510 351 542 accedente
368 510 461 542 eausa
480 511 564 553 perit
583 515 747 553 aegrotans.
770 509 853 540 Sane
873 521 938 540 non
957 521 1014 552 per
1029 509 1177 541 accidens
1194 510 1306 553 periit,
1326 521 1433 553 neque

95 575 154 607 per
173 565 385 606 privationem
407 564 556 603 medelae,
578 565 678 607 ipsius
697 564 796 607 igitur
820 563 939 595 vulnus
962 575 1027 595 non
1052 570 1156 607 potest
1178 564 1241 596 dici
1255 576 1322 606 per
1340 565 1433 595 acci-

96 617 177 649 dens
196 618 404 658 lethiferum,
427 624 524 661 atque
547 619 642 649 etiam
664 629 729 648 non
748 617 810 649 dici
831 624 935 660 potest
952 618 1107 649 absolate
1128 618 1265 658 lethale,
1286 617 1434 661 quando-

96 671 227 714 quidem
255 671 357 703 multa
379 678 454 703 sunt
474 671 621 715 exempla
641 677 674 702 et
692 671 844 714 plurimae
869 671 1102 703 observationes
1127 683 1199 714 quae
1220 672 1332 703 talium
1359 671 1435 704 vul-

95 736 213 757 nerum
236 727 433 758 curationem
453 726 622 757 exhibent:
645 724 684 756 ad
705 736 878 767 quamnam
894 725 994 768 igitur
1016 725 1162 764 classem,
1183 726 1208 756 si
1226 727 1434 768 posteriorem

97 778 367 811 classificationem
385 779 600 819 admittimus,
613 779 732 811 vulnus
746 779 828 811 illud
843 779 1051 811 referendum
1067 779 1135 811 est'?
1153 778 1433 823 Huic‘quaestioni,

95 844 148 864 me
171 833 297 877 judice,
321 833 448 865 difficile
466 833 722 877 respondebitur.
749 833 783 864 Si
802 839 912 865 autem
933 834 1022 876 prius
1045 840 1179 877 systema
1206 833 1433 876 amplectimur

95 887 249 919 facillime
277 888 516 931 responsionem
540 888 763 927 inveniemus,
791 899 867 919 nam
898 888 1017 920 vulnus
1047 894 1095 920 est
1121 899 1228 931 neque
1255 888 1431 925 absolate,

94 952 204 984 neque
212 953 277 983 per
289 942 444 973 accidens
465 941 601 981 lethale,
625 947 765 972 attamen
784 953 842 984 per
861 953 894 973 se
914 941 1040 973 lethum
1058 942 1237 985 producere
1258 943 1380 985 potuit,
1402 947 1435 973 et

95 995 248 1037 produxit
268 995 418 1038 quidem,
441 1006 518 1038 ergo
535 995 648 1027 referri
671 994 765 1027 debet
785 995 825 1027 ad
835 1007 902 1037 per
918 1008 954 1027 se
974 996 1115 1027 lethalia.
1136 996 1219 1027 Sunt
1235 996 1334 1039 aliqui
1354 1007 1434 1027 auc-

96 1053 180 1079 tores
195 1048 242 1090 (1)
261 1049 317 1091 qui
338 1048 451 1080 dicunt
468 1055 609 1080 nostram
631 1048 903 1081 classificationem
921 1061 1073 1093 magnam
1090 1050 1124 1081 in
1145 1050 1237 1092 praxi
1257 1049 1384 1081 turbam
1402 1055 1436 1080 et.

97 1101 318 1132 confusionem
338 1101 472 1144 injicere
497 1107 530 1132 et
550 1101 628 1134 huic
651 1114 780 1134 causam
802 1102 981 1135 multorum
1006 1114 1152 1134 errorum
1178 1113 1434 1146 magnarumque

94 1153 288 1197 injuriarum
308 1165 374 1185 esse
395 1153 611 1187 tribuendam.
637 1155 738 1198 Atqui
756 1162 910 1188 assertum
929 1167 1026 1187 suum
1045 1168 1110 1187 non
1130 1156 1283 1200 probant,
1305 1156 1436 1188 nullum

94 1207 234 1248 factum,
259 1218 301 1239 ne
325 1207 462 1240 unicum
487 1208 620 1252 quidem
651 1208 838 1252 exemplum
867 1209 1008 1240 afferunt
1034 1215 1196 1241 tantarum
1222 1209 1434 1253 injuriarum:

93 1260 172 1294 huic
193 1262 356 1305 systemati
374 1267 529 1305 praeterea
549 1262 750 1294 substituunt
770 1262 866 1293 aliam
888 1262 1176 1302 classificationem,
1202 1261 1311 1307 cujUS,
1336 1264 1361 1294 si
1381 1263 1436 1294 hic

92 1314 183 1347 locus
200 1321 299 1355 esset,
319 1326 442 1347 errores
462 1326 624 1359 exponere
649 1326 822 1358 possemus·
843 1315 920 1347 Fuit
940 1316 1037 1347 etiam
1057 1317 1259 1360 oppositum,
1280 1317 1376 1349 facile
1399 1318 1435 1348 in

91 1369 202 1401 nostra
225 1369 464 1401 classificatione
485 1369 643 1401 confundi
661 1380 752 1412 posse
770 1369 925 1400 absolute
945 1375 978 1400 et
990 1381 1056 1412 per
1074 1382 1111 1402 se
1129 1370 1262 1402 lethalia
1280 1371 1433 1404 vulnera:

93 1428 191 1467 atque
218 1423 354 1456 minime
377 1422 460 1456 illud
482 1434 599 1456 verum
621 1429 689 1464 est3
710 1423 831 1456 vulnus
852 1424 940 1455 enim
962 1424 1117 1456 absolute
1138 1424 1278 1466 lethale,
1304 1436 1435 1456 omnem

93 1478 265 1509 sanationis
284 1488 373 1521 spem
395 1477 590 1519 excludens,
612 1483 750 1510 mortem
773 1478 980 1510 certissimam
1004 1484 1174 1522 provocat,
1197 1490 1302 1522 quum
1310 1490 1376 1521 per
1398 1491 1435 1510 se

94 1530 230 1571 lethale,
244 1531 370 1564 lethum
388 1531 521 1575 quidem
536 1531 716 1576 producere
729 1531 831 1573 valet,
844 1537 986 1565 attamen
1002 1532 1174 1577 aliquando
1197 1539 1301 1576 potest
1317 1533 1432 1563 sanari.

94 1584 225 1617 Vulnus
245 1585 398 1617 absolute
416 1586 551 1626 lethale,
574 1598 700 1630 semper
717 1593 764 1619 est
774 1598 841 1629 per
854 1598 891 1618 se
906 1586 1044 1627 lethale,
1066 1598 1173 1630 quum
1182 1598 1250 1629 per
1263 1598 1299 1618 se
1313 1586 1434 1617 lethale

95 1638 184 1670 haud
204 1638 359 1670 absolute
378 1645 473 1671 necat
490 1640 548 1683 (2).
571 1640 689 1672 Tantas
711 1641 879 1673 varietates
894 1646 1011 1672 natura
1029 1640 1123 1673 offert
1137 1646 1175 1672 ut
1191 1651 1317 1680 omneS,
1336 1645 1433 1682 quot-

98 1698 177 1735 quot
190 1693 269 1733 sint,
285 1692 429 1725 methodi
446 1705 537 1726 suam
551 1694 691 1727 habeant
708 1695 987 1739 imperfectionem
1003 1705 1165 1737 suumque
1181 1693 1315 1734 vifium,
1333 1693 1434 1725 debe-

98 1755 170 1777 mus
185 1751 294 1778 tamen
311 1748 396 1779 inter
410 1747 480 1779 illas
498 1760 608 1781 omnes
629 1750 782 1793 optimam
802 1750 909 1793 (hanc
926 1750 1048 1781 scilicet
1067 1761 1139 1793 quae
1157 1748 1333 1780 minoribus
1349 1749 1432 1780 vitiis

100 1797 304 1844 inquinatur)
330 1801 481 1845 seligere3
510 1803 590 1835 mihi
611 1810 719 1836 autem
749 1804 803 1836 illa
830 1804 958 1837 videtur
979 1804 1115 1847 optima,
1141 1814 1214 1846 quae
1239 1802 1374 1834 vulnera
1398 1803 1435 1833 in

101 1850 270 1889 absolute,
283 1865 349 1894 pet
364 1867 401 1886 se
419 1862 451 1887 et
462 1868 527 1898 per
539 1859 694 1897 accidens
709 1859 840 1892 lethalia
852 1859 1015 1904 dispescit,
1032 1858 1181 1900 hancque
1197 1863 1326 1888 secutus
1347 1868 1429 1888 sum.

145 1904 260 1936 Tantas
272 1907 363 1939 offert
373 1915 502 1951 natura,
515 1918 642 1955 repeto,
656 1914 840 1954 varietates,
855 1919 892 1945 ut
902 1911 1079 1944 accidentia
1089 1917 1298 1955 symptomata
1312 1912 1430 1953 possint

159 2029 191 2057 (1)
210 2029 318 2057 Mahon,
339 2031 461 2056 me'deciue
476 2033 565 2065 le'gale,
586 2040 647 2059 tom.
667 2038 717 2060 Iu„
739 2045 796 2068 pag.
814 2037 840 2060 6-

158 2069 190 2098 (2)
207 2069 329 2094 Bohnius.
351 2071 464 2096 Renunc.
477 2090 486 2100 ‚
507 2081 564 2108 pag.
583 2076 693 2102 ‘'m-41*
