1747 2620
708 286 822 330 (55)

138 364 231 395 Istius
247 363 452 407 problematis
466 362 599 401 solutio,
617 371 657 392 ex
672 359 920 403 proprietatibus
940 362 1147 404 quadrilateri
1168 364 1300 395 sectioni
1316 366 1433 398 couicae

93 419 254 461 inscripti,
276 419 372 449 etiam
395 417 511 448 deduci
536 420 655 459 potest3
678 425 751 444 nam
773 414 812 444 sit
826 413 855 456 f
871 415 945 458 (fig.
964 416 1028 457 26)
1050 423 1210 459 punctum
1231 417 1357 459 datum3
1381 432 1435 451 ca-

93 472 224 515 piantur
248 482 345 514 super
366 471 540 502 sectionem
565 470 725 508 couicam,
755 469 813 499 tria
839 469 898 500 alia
929 477 1051 513 puncta
1079 471 1161 513 (ab)
1193 484 1209 502 c
1232 478 1264 503 et
1284 472 1377 516 (cle),
1404 481 1436 505 et

94 525 276 557 delineatur
303 531 388 555 recta
414 524 478 555 RR'
504 524 538 555 in
565 523 628 567 qua
654 529 855 554 concurrunt
880 523 978 555 latera
1008 525 1167 568 opposita:
1202 531 1368 569 tangentes
1396 528 1436 559 ad

94 580 228 612 vertices
247 578 421 621 oppositos,
441 589 507 609 sese
527 579 720 609 intersecant
741 578 837 609 etiam
856 589 951 621 supra
971 585 1090 610 rectam
1108 578 1172 609 RR'
1195 579 1227 610 in
1245 586 1364 622 puncto
1380 580 1436 611 R'1'

93 633 233 675 (Theor.
254 632 298 662 ΠΙ
323 631 471 663 secundae
493 638 574 675 part.
589 633 617 674 ):
641 632 757 663 deinde
781 632 806 662 si
825 631 894 663 loco
917 633 1030 674 puncti
1055 632 1153 674 (cle),
1178 634 1321 675 capiatur
1348 634 1435 666 aliud

93 692 253 730 punctum
276 698 299 717 η
320 697 350 718 v.
369 697 418 729 g.,
440 692 525 717 recta
548 685 668 716 RR'R'''
691 698 780 718 suam
796 687 985 729 positionem
1003 686 1154 727 mutabit,
1178 693 1299 719 etcum
1316 695 1436 731 puncta

87 740 116 784 f
131 748 163 772 et
184 753 201 772 c
227 740 425 773 invariabilia
448 746 595 780 manent,
621 741 768 783 sequitur
792 746 953 784 punctum
978 739 1034 770 R'''
1061 740 1094 771 in
1119 752 1200 772 nova
1228 748 1314 773 recta
1339 743 1435 773 etiam

94 795 214 839 jacere:
242 795 267 825 si
289 805 365 837 ergo
388 799 592 825 construatur
615 793 670 825 illa
695 806 776 827 nova
799 795 912 838 positio
936 800 1032 826 rectae
1060 793 1136 835 RR',
1162 794 1249 827 illius
1276 802 1436 839 punctum

94 848 327 880 intersectionis
354 859 429 879 cum
459 847 563 891 prima
589 847 665 888 RPJ,
696 849 757 880 erit
783 855 943 892 punctum
968 848 1129 891 tangentis
1159 848 1200 880 ad
1226 850 1379 882 verticem
1389 849 1436 893 f,-

94 913 169 945 ergo
191 902 332 946 denique
352 901 500 933 ducendo
517 901 573 933 R''‘
585 900 626 945 f,
647 902 775 935 dabitur
795 909 929 947 tangens
950 903 1093 946 quaesita.

574 1027 860 1059 PROBLEMA
912 1028 954 1059 V.

136 1123 283 1154 sectione
304 1123 414 1154 conica
435 1128 468 1155 et
491 1129 615 1166 puncto
638 1124 672 1155 in
692 1123 806 1155 eodem
830 1123 927 1167 plano
947 1123 1044 1163 datis,
1071 1134 1089 1155 e
1109 1129 1231 1167 puncto
1257 1123 1297 1155 ad
1320 1125 1436 1156 sectio-

92 1188 167 1208 nem
190 1177 333 1208 couicam
356 1182 543 1220 tangentem
563 1177 695 1209 ducere.

135 1230 182 1261 Sit
202 1230 277 1274 (fig.
296 1230 361 1272 26)
382 1231 408 1261 R
429 1237 589 1274 punctum
611 1242 629 1262 e
651 1242 715 1274 quo
734 1230 880 1262 ducenda
902 1236 949 1262 est
968 1236 1102 1273 tangens
1125 1230 1165 1261 ad
1185 1231 1357 1263 sectionem
1380 1243 1435 1263 co—

90 1284 197 1315 nicam
212 1283 311 1326 efgh:
327 1295 385 1327 per
400 1284 426 1314 R
442 1284 603 1316 ducantur
617 1284 689 1316 duae
710 1290 852 1316 secantes
872 1284 1046 1316 arbitrariae
1064 1283 1116 1327 Rs
1126 1283 1207 1328 (ab)
1220 1291 1251 1316 et
1263 1285 1288 1316 R
1303 1284 1380 1328 (cle)
1398 1297 1432 1324 c,

92 1337 208 1369 deinde
223 1337 350 1369 chordae
366 1337 450 1380 (ab)
466 1350 483 1369 c
498 1344 531 1369 et
537 1337 568 1380 f
574 1338 586 1378 (
592 1338 650 1381 de)
663 1350 735 1382 quae
751 1350 817 1371 sese
832 1345 941 1371 secant
955 1339 990 1370 in
1005 1345 1126 1382 puncto
1139 1339 1188 1379 R',
1206 1346 1237 1371 et
1253 1339 1434 1383 diagonales

91 1390 133 1435 cf
140 1397 173 1423 et
188 1391 271 1434 (ab)
288 1391 365 1433 (de)
381 1402 453 1434 quae
470 1391 530 1423 sihi
545 1392 685 1425 invicem
700 1399 878 1425 occurrunt
891 1394 925 1425 in
944 1399 1066 1437 puncto
1081 1393 1111 1424 I:
1128 1393 1269 1437 denique
1286 1393 1434 1426 ducendo

91 1445 161 1485 R'I,
183 1445 241 1476 ista
261 1451 348 1477 recta
367 1445 487 1477 secabit
507 1457 639 1479 curvam
658 1447 691 1479 in
707 1448 835 1491 punctis
855 1459 888 1479 m
903 1454 936 1480 et
949 1460 988 1489 n,
1008 1459 1081 1491 quae
1102 1454 1198 1480 erunt
1219 1455 1339 1491 puncta
1355 1460 1435 1480 con-

90 1500 195 1530 tactus
216 1499 366 1542 quaesita:
386 1500 412 1530 si
435 1510 513 1543 ergo
529 1500 691 1533 ducantur
714 1502 775 1533 Rm
797 1508 829 1534 et
850 1502 916 1540 Rn,
941 1507 1038 1533 erunt
1059 1502 1128 1533 istae
1151 1508 1245 1533 rectae
1267 1508 1433 1545 tangentes

90 1553 231 1596 quaesitae
251 1551 390 1595 (Theor.
407 1552 451 1583 III
469 1554 622 1587 secundae
635 1561 717 1598 part.
729 1555 752 1598 ').
769 1555 864 1587 Istam
882 1555 1073 1587 solutionem
1090 1566 1130 1587 ex
1145 1555 1268 1591 theoria
1285 1555 1434 1599 polorum

90 1613 123 1639 et
141 1606 300 1650 polarium
317 1612 486 1651 repetere,
505 1619 572 1640 non
590 1619 830 1652 supervacuum
853 1609 929 1642 eritm

553 1734 851 1767 PROBLEMA
911 1735 977 1768 VI..

134 1820 224 1852 Datis
243 1819 345 1853 tribus
365 1821 512 1864 punctis,
537 1828 689 1865 quartum
709 1822 934 1855 harmonicum
956 1828 1151 1854 construere.

135 1874 206 1905 Sint
227 1875 301 1918 (fig.
321 1875 385 1917 12)
408 1875 452 1915 G,
479 1887 511 1906 m
530 1881 563 1907 et
582 1876 608 1907 F
630 1876 689 1908 tria
709 1883 830 1921 puncta
855 1877 945 1908 data:
964 1887 1022 1919 per
1044 1875 1084 1915 F,
1115 1875 1144 1906 G
1165 1880 1197 1906 et
1217 1886 1250 1905 m
1272 1873 1433 1907 ducantur

91 1928 166 1968 GA,
188 1928 249 1959 mA
274 1934 307 1960 et
330 1929 400 1969 FA,
426 1929 543 1961 deinde
565 1929 725 1963 ducantur
749 1932 847 1963 etiam
868 1931 925 1962 GC
949 1936 982 1961 et
1002 1929 1054 1960 FB
1079 1940 1151 1972 quae
1176 1940 1243 1965 sese
1265 1935 1373 1961 secant
1397 1930 1431 1960 in

89 1988 212 2025 puncto
233 1982 259 2013 C
276 1993 372 2026 supra
393 1983 471 2023 Am3
490 1984 558 2015 istae
576 1990 672 2017 rectae
692 1990 868 2018 occurrunt
887 1984 986 2016 rectis.
1001 1983 1054 2015 AF
1070 1989 1103 2015 et
1120 1982 1179 2014 AG
1197 1983 1230 2014 in
1258 1983 1385 2026 punctis
1405 1981 1431 2012 Β

89 2042 123 2067 et
136 2037 183 2067 D:
207 2037 233 2068 si
254 2036 396 2080 denique
414 2037 552 2069 ducatur
575 2037 631 2069 BD
657 2050 729 2082 quae
749 2039 784 2071 in
802 2044 923 2082 puncto
942 2050 965 2069 n
985 2036 1230 2081 productionem
1252 2037 1307 2068 FG
1327 2042 1427 2076 secat,

88 2091 150 2122 erit
168 2103 191 2122 n
212 2096 364 2135 quartum
386 2091 610 2125 harmonicum
631 2094 802 2138 quaesitum
828 2093 968 2137 (Theor.
989 2091 1020 2124 V
1040 2092 1152 2135 primae
1170 2091 1300 2134 partis).
