1747 2620
695 255 831 297 (133)

138 332 246 363 Potest
273 331 417 362 accidere
446 337 483 362 ut
513 329 629 361 ductus
659 328 854 360 Thoracicus
882 335 967 360 totus
994 336 1134 373 quantus
1159 331 1379 372 abscindatur,
1410 333 1435 364 si

96 385 158 417 tale
186 386 265 429 quid
295 386 434 425 accidat,
466 385 619 416 debemus
643 383 762 415 vulnus
790 382 872 414 illud
901 384 1110 416 essentialiter
1136 391 1233 428 atque
1261 387 1435 418 necessario

96 439 215 471 lethale
236 439 413 479 declarare,
438 439 535 470 nullis
554 438 666 470 mediis
686 443 790 481 potest
817 449 900 469 mors
921 439 1038 479 arceri,
1062 445 1094 470 et
1113 440 1173 470 nisi
1196 439 1343 482 prompte
1369 440 1436 471 haec

98 494 247 533 accedat,
279 494 341 525 tale
366 493 444 536 quid
471 493 611 537 perpessi
640 492 727 523 lento
755 498 787 523 et
809 493 923 523 sensim
950 494 1132 536 sensimque
1153 493 1325 524 accedente
1350 493 1437 525 letho

97 547 352 579 exhauriuntur:
375 547 504 590 sanguis
526 548 613 578 enim
637 547 822 578 destituitur
838 547 1013 578 necessario
1033 559 1090 579 suo
1108 549 1323 586 nutrimento,
1340 547 1440 578 desti-

96 602 200 632 tuitur
240 602 438 643 organismus
472 601 618 641 stimulo,
650 607 683 632 et
713 601 842 632 stimulo
871 601 1040 632 deficiente
1071 602 1135 633 vita
1167 602 1377 633 consumitur.
1407 602 1439 632 Si

97 654 279 697 chirurgica
299 667 364 695 ars,
389 667 461 698 quae
483 661 531 686 tot
552 661 720 698 tantosque
738 666 922 698 progressus
942 654 991 685 his
1011 655 1135 686 ultimis
1154 655 1269 686 seculis
1290 656 1384 694 fecit,
1406 656 1439 686 in

97 718 136 738 eo
148 719 292 751 unquam
307 709 417 740 venire
433 715 550 752 potest,
563 715 601 741 ut
616 709 759 740 medium
773 709 912 751 reperiat
926 709 1047 752 ligandi
1060 709 1195 741 ductum
1208 710 1422 741 Thoracicum
1432 734 1439 748 ,

98 766 177 792 tunc
191 773 242 803 'ne
267 762 400 794 vulnera
426 762 574 805 quidem,
600 773 672 805 quae
695 767 799 793 totum
824 762 914 793 hunc
939 760 1148 802 abscindunt,
1174 762 1303 793 lethalia
1327 769 1439 794 erunt:

99 815 216 847 scimus
239 817 326 848 enim
350 828 389 847 ex
416 816 591 855 anatomia,
617 827 689 847 vasa
711 815 869 859 chylifera
889 821 986 859 atque
1010 815 1204 859 lymphatica
1228 828 1293 847 non
1319 816 1441 848 solum-

98 869 192 901 modo
208 881 282 901 cum
299 870 402 901 ductu
416 870 609 909 Thoracico,
631 869 686 901 sed
707 871 803 902 etiam
823 870 912 902 hunc
930 881 1005 901 cum
1023 869 1141 914 majore
1159 881 1230 902 vase
1245 870 1441 914 lymphatico

98 923 211 954 dextro
234 924 487 964 communicare3
509 925 627 955 scimus
647 930 680 955 et
699 925 796 955 etiam
817 924 864 966 (1)
885 923 976 955 illum
993 923 1198 955 obliteratum
1214 924 1314 955 fuisse
1331 935 1443 967 reper-

98 982 168 1008 tum
185 977 273 1020 apud
287 977 451 1017 animalia,
471 989 543 1021 quae
560 978 755 1021 caeteroquin
771 977 854 1009 bene
869 978 1032 1018 valebant3
1049 979 1166 1009 scimus
1180 978 1320 1021 denique
1336 979 1442 1021 ipsum

98 1042 188 1073 posse
215 1030 353 1074 ligatura
375 1032 549 1074 constringi
570 1031 634 1073 (2),
656 1031 776 1074 absque
801 1042 839 1062 eo
859 1037 897 1063 ut
921 1031 1079 1075 absorptio
1100 1033 1375 1075 interrumpatur:
1403 1043 1443 1063 ex

99 1084 149 1115 his
166 1085 315 1116 omnibus
329 1085 418 1116 haud
433 1085 569 1116 ridicule
584 1084 777 1116 concludere
793 1096 978 1127 possumus,
997 1085 1132 1116 ductum
1149 1085 1361 1116 Thoracicum
1378 1096 1443 1116 non

48 1151 53 1157 ¹
76 1149 78 1151 ’
100 1140 231 1170 omnino
247 1139 285 1171 ad
305 1140 402 1171 vitam
418 1139 667 1170 conservandam
684 1140 899 1169 necessarium
916 1149 998 1177 esse,
1016 1144 1064 1177 et,
1086 1139 1111 1169 si
1125 1138 1181 1169 ille
1196 1138 1303 1170 deficit
1319 1138 1370 1170 vel
1390 1150 1445 1169 ac-

99 1193 220 1224 tionem
236 1204 326 1224 suam
342 1199 457 1232 cessat,
470 1193 634 1235 sanguinis
647 1192 860 1223 nutritionem
876 1191 982 1223 adhuc
997 1192 1107 1235 perfici
1124 1203 1224 1235 posse.
1238 1192 1271 1223 Si
1285 1192 1353 1224 haec
1370 1203 1445 1223 vera

100 1252 191 1286 sunt,
211 1252 244 1277 et
264 1246 289 1277 si
304 1245 364 1277 sub
379 1246 517 1279 vulnere
532 1245 647 1277 ductui
667 1245 843 1276 Thoracico
861 1245 999 1285 inflicto,
1017 1245 1158 1288 lymphae
1181 1252 1213 1277 et
1227 1246 1313 1289 chyli
1328 1246 1446 1289 deper-

101 1300 178 1331 ditio
193 1299 384 1342 impeditur:
404 1311 462 1342 per
474 1299 644 1342 ligaturam
657 1299 741 1331 infra
753 1299 873 1331 vulnus
887 1299 1067 1331 institutam
1083 1299 1242 1344 absorptio
1258 1306 1290 1331 et
1304 1300 1446 1344 lymphae

100 1353 140 1384 ad
163 1354 353 1396 sanguinem
376 1352 540 1384 translatio
561 1353 670 1395 peragi
693 1352 801 1384 adhuc
820 1359 942 1396 posset,
969 1353 1019 1386 vel
1042 1365 1100 1397 per
1120 1355 1327 1386 anastomicas
1346 1355 1445 1397 ipsius

100 1406 218 1438 ductus
247 1407 507 1447 ramificationes‚
534 1406 586 1440 vel
611 1417 768 1439 venarum
790 1418 867 1450 ope,
893 1409 919 1439 si
944 1408 1101 1440 theoriam
1126 1408 1214 1439 illam
1238 1409 1444 1447 assumimus,

101 1472 199 1504 quam
218 1460 257 1492 de
277 1460 479 1503 absorptione
494 1471 651 1493 venarum
668 1461 859 1503 nuperiores
873 1467 1018 1493 auctores
1034 1468 1066 1493 et
1083 1462 1260 1505 praesertim
1275 1462 1445 1505 Magendie

101 1520 358 1558 pr:oposuerunt
381 1515 491 1557 sicque
513 1515 577 1547 vita
598 1515 747 1555 sauciati,
773 1515 812 1546 de
833 1515 897 1559 qua
921 1527 1009 1547 nunc
1029 1515 1089 1547 sub
1108 1516 1287 1547 istiusmodi
1310 1516 1446 1549 vulnere

104 1569 326 1611 desperamus,
349 1574 429 1600 tunc
447 1570 565 1612 poterit
584 1570 776 1602 conservari.

147 1623 224 1654 Haec
246 1633 318 1665 quae
336 1622 524 1665 praecedunt
545 1634 601 1654 nos
622 1622 755 1664 docent,
774 1635 840 1655 non
863 1624 970 1655 omnia
990 1624 1125 1656 vulnera
1141 1624 1258 1656 ductus
1278 1624 1446 1655 Thoracici

104 1674 248 1707 absolute
267 1681 300 1707 et
319 1675 496 1707 necessario
516 1675 646 1708 lethalia
666 1688 749 1717 esse3
769 1676 918 1720 illudque
938 1689 1057 1709 nomen
1077 1690 1142 1709 non
1164 1689 1252 1721 posse
1274 1678 1360 1718 dari,
1385 1679 1445 1710 nisi

103 1730 154 1761 his
173 1729 382 1770 sectionibus,
410 1740 482 1772 quae
506 1735 609 1762 totum
632 1737 791 1774 quantum
818 1731 908 1763 hunc
933 1732 1144 1764 abscindunt:
1174 1739 1287 1764 caetera
1315 1733 1446 1764 demum

105 1785 210 1816 omnia
241 1795 299 1827 per
326 1795 359 1815 se
386 1783 534 1823 lethalia,
563 1784 797 1828 aliquantulam
820 1791 928 1817 tamen
951 1787 1122 1818 sanationis
1144 1797 1232 1829 spem
1260 1786 1444 1825 admittere,

105 1838 251 1881 quamvis
274 1837 540 1881 periculosissima
563 1839 637 1869 sint.

166 1952 210 1980 (ι)
227 1950 327 1980 Bichat,
343 1950 465 1974 anatomie
483 1950 606 1981 generale,
628 1954 687 1974 lom.
706 1953 739 1974 11.
760 1959 814 1982 pa-g.
833 1951 886 1982 597.

167 1992 211 2022 (2)
228 1991 307 2021 1bid.,
432 1991 506 2021 ibid„
626 1996 684 2016 tom.
704 1994 739 2016 ss.
757 2000 811 2023 pag.
828 1992 881 2022 59¹.
