1747 2620
697 282 833 326 (135)

95 346 194 379 licet?
223 348 317 382 Haud
342 363 416 383 sane
437 353 595 395 multum3
623 354 757 388 candide
783 357 878 390 fateri
900 362 1047 404 cogimur
1072 375 1129 396 nos
1149 366 1231 398 nihil
1256 369 1323 401 fere
1350 372 1436 404 illius

95 400 135 432 de
159 414 220 435 usu
247 412 447 448 compertum
469 407 601 449 habere,
624 415 656 441 et
677 409 739 441 hoe
759 412 895 445 unicum
916 426 973 446 nos
998 423 1085 449 certo
1109 419 1249 452 stabilire
1269 435 1376 465 posse:
1399 438 1435 458 eo

93 455 215 487 scilicet
234 459 460 500 periculosiora
481 473 547 493 esse
568 463 719 505 vulnera,
743 477 808 509 quo
827 467 934 510 junior
954 472 993 502 sit
1012 474 1187 515 sauciatus,
1214 476 1435 524 damnumque

94 520 190 552 quam
208 513 384 545 maximum
399 515 647 551 redundandum
663 520 780 552 exinde
795 533 877 563 esse,
890 524 915 554 si
932 525 966 555 in
981 531 1067 558 statu
1084 528 1186 560 foetali
1202 530 1270 562 haec
1287 532 1433 566 laedatur.

139 563 314 598 Videamus
334 579 422 600 nunc
448 581 520 613 quae
544 579 620 604 sunt
649 580 754 616 partes
778 577 877 619 ipsam
906 579 1091 621 glandulam
1119 583 1268 627 thymum
1293 588 1434 620 circum-

92 616 203 649 dantes
228 626 260 651 et
284 632 466 664 quaeramus
494 637 573 658 num
596 627 664 658 haec
691 630 787 671 possit
810 630 873 662 sola
899 632 990 664 laedi:
1016 642 1077 667 stat
1102 644 1175 669 ante
1200 639 1300 682 ipsam
1329 642 1433 686 clypei

90 671 130 703 ad
151 672 251 705 instar
278 681 443 718 sternum3
477 686 672 722 postrorsum
708 685 870 716 accumbit
902 688 1040 720 tracheae
1072 693 1216 732 arteriae,
1248 696 1329 726 vasis
1361 709 1432 729 om—

88 724 184 757 nibus
205 727 379 772 thyroideis
397 732 619 775 inferioribus,
641 748 731 769 venae
756 750 840 770 cavae
861 743 1018 783 superiori
1043 750 1075 775 et
1099 745 1211 789 majori
1235 755 1329 780 aortae
1355 762 1426 782 cur-

88 784 246 822 vaturae3-
267 782 441 817 lateraliter
464 789 686 821 extenduntur
715 803 755 822 ex
783 793 920 837 utraque
952 803 1043 839 parte
1073 797 1210 841 pleurae,
1235 803 1268 832 in
1292 814 1430 845 quarum

87 835 239 867 anteriori
268 848 392 871 secessu
418 840 608 874 includitur.
638 844 735 876 Nunc
759 853 868 879 autem
896 849 1014 881 vulnus
1037 851 1076 882 ab
1103 855 1316 887 anterioribus
1342 857 1430 890 haud

84 894 190 930 potest
209 890 269 933 ipsi
287 892 390 936 infligi
407 895 486 937 quin
504 896 608 938 primo
623 903 768 931 sternum
790 902 988 944 perforetur3
1009 916 1024 935 a
1043 908 1217 948 posteriore
1236 916 1326 951 parte
1342 911 1429 943 haud

82 948 187 984 potest
207 943 338 987 thymus
359 949 495 980 sauciari
516 949 635 994 absque
657 963 694 983 eo
715 960 753 984 ut
771 954 889 999 majora
913 969 1001 998 vasa,
1022 960 1148 1004 ipsique
1168 963 1336 1005 pulmones
1353 966 1428 997 vul—

82 1006 161 1028 nere
196 999 430 1040 perfodantur:
460 1002 609 1047 illudque
639 1018 655 1037 a
684 1007 838 1040 lateribus
868 1012 983 1052 etiam,
1017 1014 1077 1044 nisi
1108 1015 1247 1060 trajectis
1277 1019 1427 1061 primitus

81 1050 308 1093 pulmonibus,
337 1055 407 1087 fieri
432 1059 564 1100 nequit:
593 1059 680 1091 haud
710 1062 810 1104 igitur
842 1064 925 1096 valet
954 1066 1106 1108 glandula
1138 1069 1268 1112 thymus
1291 1074 1427 1104 sauciari

81 1104 160 1146 quin
179 1106 332 1148 primarie
349 1108 507 1142 laedantur
525 1118 632 1154 partes
652 1113 838 1156 nobiliores,
856 1118 943 1149 unde
958 1118 1023 1162 jam
1041 1121 1125 1153 clare
1143 1131 1274 1166 apparet
1291 1126 1425 1158 vulnera

80 1169 152 1202 quae
171 1159 255 1192 hanc
275 1168 407 1204 petunt,
435 1172 566 1207 propter
586 1169 763 1199 necessario
782 1170 1006 1214 insequentem
1027 1176 1305 1219 complicationem
1326 1191 1423 1223 quam

78 1213 345 1255 periculosissima
362 1227 445 1258 esse,
464 1217 612 1262 illudque
628 1222 811 1263 periculum
829 1225 980 1268 majorem
997 1228 1103 1260 adhuc
1119 1231 1335 1265 intensitatem
1351 1235 1424 1267 ideo

76 1268 207 1311 recipit,
232 1270 319 1313 quod
339 1282 466 1315 semper
491 1273 724 1318 haemorrliagia
751 1277 875 1310 intensa
903 1281 1097 1314 sectionibus
1122 1284 1226 1328 thymi
1249 1288 1422 1320 succedere

77 1320 207 1363 debeat,
229 1325 345 1367 recipit
367 1326 453 1357 enim
471 1326 554 1359 illud
574 1339 731 1371 organum
753 1331 884 1372 multas,
906 1336 1052 1377 quamvis
1073 1337 1161 1369 haud
1183 1350 1313 1383 magnas
1335 1349 1422 1375 arte-

74 1375 152 1416 rias,
178 1388 251 1419 quae
275 1389 292 1409 a
313 1378 488 1422 thyroideis
512 1382 733 1424 inferioribus,
765 1389 958 1419 mammariis
981 1390 1132 1432 internis,
1159 1392 1418 1437 bronchialibus,

74 1429 271 1462 mediastinis
284 1438 316 1463 et
331 1432 371 1464 ab
386 1433 449 1465 illis
465 1446 538 1478 quae
552 1438 769 1479 pericardium
786 1440 922 1482 adeunt,
939 1452 1131 1487 nascuntur,
1149 1448 1236 1480 unde
1253 1449 1419 1483 abundans

73 1477 237 1527 sanguinis
258 1486 454 1529 profluvium
477 1490 552 1521 oriri
574 1490 679 1522 debet.

116 1539 207 1570 Licet
221 1540 321 1583 igitur
339 1541 498 1574 stabilire:
520 1543 663 1576 laesiones
685 1545 872 1589 glandulam
892 1549 1041 1594 thymum
1058 1553 1264 1587 vulnerantes
1284 1559 1416 1600 pericu·

70 1592 238 1625 losissimas
259 1606 338 1635 esse,
364 1603 494 1640 propter
515 1610 645 1642 gravem
667 1607 700 1632 et
714 1603 930 1635 essentialiter
949 1606 1025 1637 inde
1045 1608 1214 1641 oriundam
1241 1612 1415 1654 complica—

69 1647 207 1688 tionem,
230 1655 362 1692 propter
376 1650 643 1696 haemorrhagiam
661 1655 903 1699 insequentem,
924 1659 1071 1703 illudque
1092 1663 1275 1705 periculum
1295 1676 1332 1696 eo
1348 1677 1414 1698 esse

68 1701 172 1746 majus
190 1714 255 1746 quo
278 1704 446 1747 perculsus
466 1708 566 1750 magis
583 1709 680 1740 statui
700 1710 803 1742 foetali
825 1712 966 1745 accedat.

101 1815 124 1858 g
157 1817 217 1849 IX.
263 1830 302 1849 DE
334 1830 473 1857 sssoosms
512 1832 578 1857 QUAE
611 1834 777 1856 wsnvonum
812 1838 951 1859 ‘rnoRAcE
984 1839 1177 1861 1NcLUSORUM
1210 1843 1376 1867 SECTIONEM

621 1899 849 1921 CONCOMITANT.

108 1974 207 2007 Nervi
224 1975 417 2019 multiplices
437 1978 470 2009 in
488 1978 638 2011 Thoracis
653 1993 730 2014 cavo
749 1983 873 2026 degunt
888 1990 920 2015 et
938 1984 1081 2026 latitant,
1102 1986 1266 2032 ipsiusque
1283 1994 1406 2034 organis

63 2033 187 2060 motum
207 2028 392 2072 largiuntur
412 2037 444 2062 et
463 2033 702 2067 sensibilitatem
718 2048 723 2067 :
747 2037 867 2080 duplex
884 2044 930 2069 est
946 2038 1076 2071 illorum
1092 2051 1210 2083 genus,
1234 2043 1267 2074 hi
1283 2045 1403 2077 scilicet

62 2082 118 2125 qui
139 2082 178 2113 ad
193 2083 291 2115 vitam
308 2084 478 2117 animalem
492 2093 654 2130 spectant,
673 2096 706 2121 et
720 2090 767 2122 illi
786 2093 841 2135 qui
856 2093 1019 2135 pertinent
1038 2094 1077 2125 ad
1096 2095 1192 2127 vitam
1210 2099 1402 2140 organicam.
