1747 2620
671 285 808 329 (103)

68 413 92 457 g
128 414 182 446 III.
230 425 267 446 DE
295 424 480 446 VULNERmns
508 422 654 445 MAJORUM
684 421 829 443 VASORUM
852 421 871 443 Α
895 424 992 444 coam:
1021 424 1287 445 PROFIClSCl-:NTIUM
1315 425 1352 445 ET
1379 426 1409 445 m

642 477 829 499 ADEUNTmM.

112 563 174 595 Cor
194 563 384 606 sanguinem
404 561 443 593 ad
466 561 606 605 corporis
627 572 738 593 omnes
765 560 912 603 regiones
939 561 1231 594 intervenientibus
1254 561 1334 594 vasis
1358 573 1411 593 ar-

66 620 188 651 teriosis
207 618 410 658 transmittit,
432 617 521 649 hunc
536 617 576 648 ab
592 615 789 648 OEconomia
805 615 958 646 reducem
979 627 1038 658 per
1054 627 1126 648 vasa
1145 627 1261 648 venosa
1278 616 1409 658 recipit,

65 679 163 716 atque
182 673 269 704 enirn
290 683 383 712 vero,
403 683 469 703 non
489 670 689 703 solummodo
708 670 734 701 si
755 681 809 701 cor
826 669 1019 710 destruitur,
1038 670 1093 701 sed
1111 676 1144 701 et
1163 671 1259 701 etiam
1279 671 1303 701 si
1321 682 1411 702 com-

64 727 241 760 municatio
261 727 346 758 inter
367 737 525 770 organum
546 723 688 756 centrale
704 729 736 754 et
752 724 854 756 varias
875 729 979 766 partes
998 724 1218 767 intercipitur,
1234 725 1411 755 necessario

63 782 239 814 humorum
265 780 406 813 circulus
429 779 695 821 interrumpitur,
721 783 754 809 et
777 778 978 821 organismus
1000 777 1040 809 ad
1065 778 1201 809 exitium
1226 779 1303 809 ruit.
1335 778 1411 809 Haec

62 837 258 880 interruptio
281 835 412 879 quidem
434 833 504 865 fieri
521 833 651 877 nequit,
677 832 739 863 nisi
757 831 861 876 majus
883 831 1046 875 quoddam
1067 843 1120 865 vas
1143 838 1284 872 secetur,
1313 837 1345 863 et
1369 843 1411 863 ne

40 914 44 916 v
63 897 144 923 tunc
162 890 293 933 quidem
309 900 436 932 semper
451 888 583 928 accidit,
601 887 748 931 quamvis
766 886 953 930 hujusmodi
968 886 1054 918 laesio
1069 887 1110 917 sit
1126 887 1409 930 periculosissi1na3

62 958 139 978 nam
161 946 187 977 si
210 957 282 978 vasa
305 950 414 987 aperta
438 943 596 974 medentis
620 953 752 973 manum
777 941 969 981 admittunt,
995 952 1044 972 ars
1065 941 1247 984 chirurgica
1272 941 1412 972 haemor-

62 1000 209 1043 rhagian]
223 999 276 1031 vel
289 998 420 1041 ligando
434 997 486 1030 vel
502 996 745 1039 comprimendo
760 1006 962 1039 compescere
978 1001 1092 1038 potest.
1111 995 1208 1034 Quod
1223 996 1249 1044 si
1264 1001 1392 1026 econtra
1402 1019 1410 1034 ,

62 1054 116 1088 vel
135 1055 169 1087 in
189 1053 289 1085 cranii
316 1052 368 1085 vel
386 1053 421 1083 in
441 1052 579 1083 thoracis
599 1051 650 1084 vel
672 1050 720 1092 (1)
741 1050 920 1081 abdominis
940 1049 1077 1082 cavitate
1097 1048 1291 1091 profundius
1311 1050 1411 1080 situm

63 1107 281 1152 majusculum
312 1118 367 1140 vas
392 1105 618 1148 pertunditur,
650 1104 776 1135 lethum
800 1104 1016 1135 necessarium
1044 1103 1161 1134 exinde
1189 1104 1280 1145 sequi
1303 1103 1409 1134 dehet.

62 1161 120 1193 Illa
141 1160 273 1204 quidem
295 1160 405 1191 mortis
425 1159 594 1190 necessitas
612 1156 713 1201 major
729 1157 836 1188 adhuc
852 1163 915 1197 est,
937 1157 962 1188 si
983 1157 1069 1188 laesio
1089 1157 1124 1187 in
1139 1156 1283 1187 Thorace
1302 1157 1410 1188 locuni

62 1215 176 1255 habet,
198 1214 279 1246 rami
302 1214 390 1246 eni-m
411 1212 478 1244 illic
500 1212 679 1252 latitantes,
706 1217 772 1243 tam
799 1212 962 1255 profunde
988 1212 1023 1243 in
1047 1211 1146 1255 hujus
1174 1223 1251 1243 cavo
1276 1211 1411 1243 abscon-

61 1271 202 1310 duntur,
227 1275 329 1302 tantae
353 1274 430 1300 sunt
451 1266 700 1310 magnitudinis,
724 1272 856 1309 tamque
875 1272 951 1297 sunt
974 1265 1064 1297 cordi
1086 1266 1241 1308 proximi,
1270 1272 1306 1297 ut
1328 1266 1411 1297 irre-

62 1323 213 1357 vocabilis
233 1334 317 1354 mors
345 1333 385 1353 ex
414 1321 532 1353 horum
553 1321 704 1367 apertura
726 1320 856 1352 accedat
879 1326 1021 1363 oportet,
1046 1319 1196 1363 hancque
1218 1321 1410 1352 sententiam

61 1379 102 1411 ad
125 1390 231 1410 unum
259 1388 369 1408 omnes
393 1382 539 1408 auctores
561 1375 733 1418 proferunt
758 1374 822 1417 (2);
855 1374 967 1406 nullus
992 1374 1099 1405 existi-t
1128 1375 1185 1418 qui
1211 1375 1410 1406 sanationem

58 1432 240 1468 ⁴istiusmodi
261 1431 406 1463 vulneris
431 1429 600 1469 admittat,
626 1430 691 1460 imo
706 1428 864 1473 majorum
881 1435 1072 1460 truncorum
1093 1429 1228 1461 vulnera
1244 1429 1409 1472 periculo-

62 1489 159 1527 siora,
185 1497 282 1530 quam
297 1496 335 1517 ea
347 1484 479 1528 quidem
491 1484 593 1515 cordis
613 1484 730 1529 ipsiuS,
750 1483 847 1527 vulgo
863 1482 1067 1514 declarantur
1088 1482 1146 1526 (3).
1176 1483 1277 1526 quue
1297 1494 1409 1516 revera

64 1541 265 1573 verissimum
285 1545 348 1579 est,
367 1544 444 1571 sunt
458 1538 544 1570 enim
564 1538 728 1580 quaedam,
748 1538 800 1569 uti·
813 1538 1042 1581 praecepimus,
1064 1537 1167 1569 cordis
1185 1538 1320 1570 vulnera
1337 1549 1409 1581 quae

61 1594 261 1626 sanationem
278 1592 469 1631 admittunt,
495 1603 599 1635 quum
622 1597 753 1624 econtra
779 1591 880 1625 nullae
900 1592 1058 1634 leguntur
1079 1591 1239 1636 majorum
1260 1603 1408 1624 vasorum

61 1648 299 1679 thoracicorum
326 1647 517 1680 curationes.
543 1646 659 1685 Quum
681 1657 803 1689 organa
822 1646 895 1678 haec
915 1646 1092 1678 vascularia
1119 1646 1257 1689 duplicis
1284 1648 1410 1690 generis

60 1703 96 1735 in
117 1713 233 1735 cavum
255 1700 418 1745 pectorale
438 1701 592 1741 existant,
614 1700 675 1732 hoc
696 1700 817 1744 duplex
839 1711 941 1744 genus
962 1701 1157 1743 perscrutari
1176 1700 1341 1732 debemus.

105 1756 239 1788 Arteriae
267 1755 439 1798 praeeipuae
464 1759 558 1786 sunt:
589 1760 676 1787 aorta
702 1755 848 1786 omnium
876 1760 1066 1786 eteterarum
1089 1755 1247 1798 genitrix,
1274 1761 1408 1786 truncus

59 1810 294 1850 innominatus,
313 1808 470 1841 carotides
486 1809 663 1852 primitivae
674 1816 707 1841 et
722 1809 920 1850 subclaveae3
941 1809 991 1840 his
1008 1809 1168 1840 accedunt
1184 1809 1308 1840 arteriae
1323 1808 1407 1841 binae

28 1880 33 1883 >
59 1863 276 1907 pulmonales,
298 1875 438 1907 quarum
458 1864 604 1895 omni-um
625 1870 757 1896 textura-
774 1866 821 1896 ita·
830 1855 1012 1896 'constituta
1034 1869 1095 1903 est,
1116 1869 1154 1894 ut
1170 1863 1195 1894 si
1216 1863 1316 1895 semel
1332 1864 1406 1896 vul-

59 1922 138 1951 nere
153 1919 252 1952 fuere·
260 1918 368 1963 petita:
376 1942 390 1958 „
401 1929 571 1961 nunquam
586 1919 707 1962 possint
719 1919 822 1962 plagae
835 1917 925 1950 limbi
937 1917 1065 1948 sibimet
1078 1917 1217 1949 invicem
1235 1917 1403 1958 accedere,

120 2034 164 2062 (ι)
181 2032 309 2060 Jourdan„
326 2031 449 2055 diction-n.
467 2032 507 2055 des
521 2032 624 2055 sciences
639 2033 706 2056 meldi
717 2050 723 2062 ,
744 2031 828 2055 article
844 2032 944 2055 eti-teres.

119 2074 164 2104 (ι)
181 2073 216 2096 De
233 2073 322 2100 Senac,
339 2072 366 2100 1.,
380 2072 418 2100 t.,
440 2072 492 2095 vol.
512 2074 548 2095 11.
572 2081 628 2104 pag.
648 2074 704 2097 432.
728 2072 883 2102 Richeraud,
901 2072 921 2095 l.
940 2071 964 2095 1..
985 2071 1080 2102 Boyer,
1100 2076 1127 2094 et·
1142 2079 1267 2095 omues...

120 2114 164 2143 (5)
180 2112 271 2144 Boyer',
291 2112 312 2135 l.
331 2112 367 2141 1.,
388 2116 449 2135 tom.
471 2112 538 2137 vu„
553 2120 610 2145 pag⁴
629 2114 684 2138 268.
