1747 2620
720 270 832 314 (83)

102 339 210 384 plures
230 351 269 372 ex
294 340 344 373 his
367 341 447 373 vasis
471 343 672 383 sauciantur,
698 344 882 387 periculum
905 353 983 379 tunc
1005 350 1133 390 crescit,
1159 357 1192 382 et
1215 363 1252 384 eo
1278 355 1313 386 fit
1338 356 1442 402 majus

100 405 165 437 quo
185 394 285 439 major
304 395 404 427 fuerit
424 408 581 428 numerus
604 409 751 430 vasorum
771 398 938 442 laesoruin3
961 402 1042 436 illud
1064 416 1174 438 revera
1198 418 1256 450 per
1280 420 1313 440 se
1337 417 1441 453 patet,

99 447 256 491 nullaque
279 449 491 492 explicatione
513 457 596 493 eget.

145 501 320 534 Videamus
335 515 423 535 nunc
442 505 520 548 quid
536 506 663 549 sanguis
678 507 712 538 in
728 513 858 550 pectore
873 515 1106 553 extravasams,
1125 514 1169 546 ibi
1185 515 1323 549 efficiat?
1340 518 1444 552 Simul

100 556 191 586 acin
216 556 359 589 Thorace
383 557 542 592 delabitur
568 560 775 604 diaphragma
801 564 920 605 premit
945 571 978 596 et
1006 568 1221 610 respirationis
1248 572 1443 606 anxietatem

99 608 308 651 determinat3
329 611 354 642 si
375 611 476 657 major
496 614 595 658 hujus
613 612 773 658 quantitas
794 618 849 657 sit,
874 619 957 661 ipsos
978 620 1028 651 vel
1050 621 1220 663 pulmones
1242 628 1442 669 comprimit,

97 664 183 703 cavi,
200 664 234 694 in
250 675 314 708 quo
328 665 522 707 includitur,
538 669 641 700 calore
657 670 691 700 in
708 671 880 714 coagulum
896 673 977 713 abit,
996 674 1251 719 decomponitur,
1268 683 1441 724 putrescit,

97 722 130 747 et
146 728 276 760 magnas
291 719 401 751 turbas
419 728 623 763 provocaret,
646 724 706 753 nisi
722 723 821 767 hujus
837 728 991 758 extractio
1010 729 1244 763 institueretur.
1260 733 1292 764 Si
1307 736 1441 768 minima

96 777 144 801 est
158 771 257 816 hujus
278 775 386 816 copia,
407 776 533 807 actione
554 787 700 807 vasorum
723 776 961 811 absorbentium
979 783 1134 815 resorberi
1151 792 1255 828 potest
1273 787 1337 831 (1);
1355 791 1442 832 quod

95 824 121 855 si
137 831 245 857 autem
265 832 352 858 tanta
372 834 435 868 est,
459 835 496 860 ut
510 832 665 873 resorptio
686 830 775 863 haud
794 834 892 875 possit
907 834 994 867 illam
1014 837 1160 879 auferre,
1182 845 1260 872 tunc
1277 844 1441 886 sanguinis

95 878 224 910 eductio
250 886 297 911 est
319 881 483 926 facienda,
511 895 582 927 quae
611 885 734 928 duplici
762 888 856 919 modo
882 890 1079 923 instituitur:
1103 893 1154 925 vel
1182 895 1313 928 effluere
1337 905 1441 941 potest

94 944 152 976 per
172 935 272 977 ipsius
293 927 436 968 vulneris
456 938 614 970 orificium
635 939 821 982 dilatatum,
841 948 873 974 et
894 951 1018 976 mutato
1040 951 1224 989 aegrotantis
1240 951 1320 992 situ,
1345 953 1396 984 vel
1414 955 1440 986 si

93 987 237 1018 vulneris
255 990 413 1021 orificium
430 990 491 1023 tale
507 998 569 1031 est,
589 999 627 1024 ut
643 994 797 1036 impediat
812 999 977 1040 sanguinis
992 1001 1132 1042 exitum,
1149 1008 1228 1035 tunc
1242 1006 1439 1041 instituenda

93 1048 141 1072 est
166 1044 308 1085 operatio
333 1046 564 1088 empyematiS,
591 1058 664 1089 quae
688 1050 785 1080 sectio
812 1056 860 1081 est
885 1053 1046 1093 parietum
1073 1055 1245 1097 Thoraci8‚
1272 1065 1309 1090 ut
1334 1062 1440 1094 exitus

91 1094 214 1138 liquido
231 1096 297 1127 illic
316 1103 514 1130 extravasato
529 1094 729 1133 concilietur.
751 1103 858 1134 Prima
874 1106 985 1148 regula
1008 1109 1042 1138 in
1061 1108 1160 1141 hacce
1179 1113 1363 1154 operatione
1380 1116 1439 1147 ob-

91 1150 246 1181 servanda
264 1157 311 1181 est
323 1153 402 1183 vasis
422 1154 613 1196 sanguinem
626 1155 810 1197 fundentis,
826 1157 1134 1206 haemorrhagiaeque
1150 1164 1247 1197 fontis
1261 1166 1436 1211 obturatio,

91 1214 163 1246 quae
183 1204 243 1235 nisi
264 1205 410 1246 accedat,
432 1206 550 1238 humor
568 1207 671 1240 fluere
689 1210 795 1252 pergit
816 1217 848 1242 et
868 1214 1028 1246 sauciatus
1047 1219 1217 1260 exsanguis
1234 1222 1330 1262 perit.
1363 1223 1439 1256 Haec

89 1257 262 1301 aliquando
278 1271 426 1292 vasorum
443 1261 622 1294 obliteratio
637 1270 749 1306 sponte
761 1265 818 1296 sua
829 1266 925 1298 solius
939 1268 1061 1300 scilicet
1071 1277 1198 1303 naturae
1212 1285 1272 1317 ope
1284 1276 1435 1310 eflicitur:

89 1311 157 1344 vidi
177 1324 320 1356 namque
340 1315 456 1357 saepius
475 1327 579 1359 quum
600 1317 750 1349 animalia
769 1325 960 1362 mactarem,
981 1334 1051 1355 vasa
1068 1331 1115 1356 sat
1130 1338 1246 1371 magna
1267 1331 1315 1361 uti
1333 1332 1437 1364 inter—

89 1366 234 1408 costalia,
265 1370 452 1401 mammaria
473 1370 601 1403 interna
622 1378 719 1415 atque
743 1380 874 1406 externa
896 1375 985 1416 laesa,
1011 1389 1083 1421 quae
1103 1391 1169 1412 non
1195 1382 1336 1416 multum
1361 1397 1437 1418 san-

88 1420 197 1463 guinis
211 1432 229 1452 e
241 1413 376 1454 vulnere
391 1424 656 1467 suppeditabant,
673 1427 759 1469 quod
773 1429 878 1460 crusta
894 1431 984 1472 quasi
999 1434 1174 1476 sanguinea
1195 1436 1435 1474 obducerentur

89 1475 213 1506 exitum
230 1477 394 1519 sanguinis
409 1477 618 1521 impediente.
635 1479 692 1511 Illa
709 1481 841 1524 quidem
856 1485 998 1531 operatio
1009 1486 1182 1530 aliquando
1192 1490 1333 1524 infausto
1344 1495 1435 1527 exitu

90 1528 298 1569 terminatur,
314 1529 375 1572 ‚sed
391 1531 534 1564 multum
553 1533 684 1576 quidem
707 1535 795 1567 abest
815 1543 853 1568 ut
872 1537 998 1571 Bohnio
1018 1541 1202 1585 credamus,
1219 1546 1276 1588 qui
1293 1548 1433 1589 profert:

90 1581 174 1612 hanc
195 1582 392 1627 chirurgiam
411 1586 569 1618 rarissime
590 1594 740 1631 praestare
761 1590 933 1623 salutarem
958 1599 1055 1637 atque
1078 1603 1242 1639 speratum
1261 1600 1413 1633 effectum
1426 1627 1434 1643 ‚

89 1634 243 1679 illamque
264 1643 401 1670 mortem
423 1640 553 1682 quidem
570 1642 748 1684 retardare,
771 1656 836 1676 non
853 1657 927 1677 vero
943 1658 1052 1680 arcere
1063 1649 1128 1693 (2);
1149 1651 1203 1683 illa
1223 1654 1331 1697 opinio
1347 1656 1435 1688 mul-

88 1695 159 1720 tum
190 1690 255 1721 fuit
289 1699 479 1735 exagerata3
510 1706 621 1727 omnes
656 1698 742 1730 enim
773 1705 918 1732 auctores
948 1702 1005 1745 qui
1034 1701 1197 1738 Bohnium
1228 1710 1330 1740 secuti
1359 1717 1435 1742 sunt

88 1742 232 1775 indicant
252 1747 391 1788 pectoris
416 1750 672 1791 paracenthesim
697 1753 747 1784 uti
770 1755 988 1797 operationem
1014 1757 1256 1793 saluberrimam
1284 1769 1316 1795 et
1340 1776 1434 1796 sana-

88 1796 182 1828 tionis
205 1798 349 1830 medium
377 1799 435 1843 (3).
883 1811 888 1814 ‘

130 1851 300 1895 Quidquid
321 1853 382 1885 hac
402 1854 441 1887 de
462 1867 497 1888 re
515 1858 571 1899 sit,
597 1868 766 1902 possumus
785 1866 1020 1907 pronunciare:
1043 1867 1161 1900 vulnus
1182 1872 1306 1904 arteriae
1329 1874 1431 1905 inter—

112 1925 1410 1955 Ἣ

144 1966 189 1994 (ι)
206 1966 299 1997 Boyer,
312 1955 335 1991 .L
353 1969 386 1999 1.‚
407 1975 466 1995 tom.
483 1973 546 2003 VII,
566 1982 621 2006 pag.
637 1977 695 2007 295,
713 1977 790 2001 Paris.
809 1992 837 1996 --
853 1979 958 2011 Larrey,
976 1980 996 2003 l.
1016 1980 1053 2010 1.‚
1075 1985 1136 2004 tom.
1155 1984 1177 2005 Ι.

145 2006 189 2035 (2)
205 2007 241 2030 De
259 2010 445 2036 renunciatione
461 2014 607 2045 vulnerum,
629 2024 687 2048 pag.
706 2019 747 2041 64.

144 2046 188 2074 (3)
204 2047 373 2079 Hebeustreit,
389 2059 446 2084 pag.
464 2054 518 2085 479.
544 2055 688 2088 Hoogvliet,
713 2067 771 2091 pag.
790 2060 846 2083 540.
877 2060 971 2091 Boyer,
996 2064 1057 2085 torn.
1077 2062 1138 2086 VH.
1164 2072 1222 2095 pag.
1242 2066 1298 2090 352.
1321 2066 1426 2098 Mahon,

87 2088 147 2109 tom.
167 2087 204 2110 11.
225 2096 283 2120 pag.
302 2097 342 2121 97.
