1747 2620
868 260 1003 304 (136)

266 336 384 368 Prioris
413 337 505 368 seriei
530 341 622 367 sunt:
648 347 758 367 omnes
780 334 1012 374 intercostales,
1038 335 1354 377 pneumo-gastricus
1376 340 1408 365 et
1431 334 1604 377 phrenieus

267 392 333 422 sive
360 391 667 434 diaphragmaticus,
696 390 876 433 posterioris
899 395 1007 420 autem
1033 394 1108 419 sunt
1133 389 1212 419 rami
1238 399 1348 418 omnes
1373 389 1429 430 qui
1453 388 1470 418 a
1493 388 1606 432 majori

266 445 496 488 sympatlietico
512 444 771 486 proficiscuntur,
790 454 994 485 quorumque
1012 443 1166 485 praecipui
1187 448 1262 473 sunt
1277 442 1340 481 illi,
1361 442 1416 484 qui
1439 453 1454 472 a
1472 442 1605 485 gangliis

267 498 476 531 cervicalibus
496 497 640 536 oriundi,
662 497 794 539 plexum
813 496 994 527 cardiacum
1011 497 1094 527 circa
1116 495 1217 526 cordis
1238 495 1337 526 basim
1353 496 1537 535 efformant3
1555 496 1604 527 his

268 559 419 596 praeterea
443 550 684 582 annumeranda
706 556 781 582 sunt
801 551 906 581 omnia
929 549 1055 592 ganglia
1079 549 1274 580 Thorachica
1292 556 1324 580 et
1343 550 1484 592 ipsorum
1507 551 1604 590 rami,

268 606 367 650 major
388 606 509 636 scilieet
524 606 692 647 minorque
714 604 950 647 splanchnicus.
973 603 1148 635 Videamus
1170 615 1257 634 nunc
1274 603 1352 645 quid
1374 603 1607 636 observationes

268 667 301 691 et
325 661 543 702 experimenta
566 660 599 690 in
621 659 670 690 his
689 659 795 691 nervis
820 658 919 697 faeta,
943 669 998 688 nos
1024 657 1063 688 de
1086 657 1340 701 uniuscujusque
1362 657 1478 688 horum
1502 658 1608 688 letha—

269 715 358 745 litate
382 714 527 745 doceant,

313 768 412 799 Nervi
454 768 510 810 qui
546 767 675 797 nomine
716 765 967 797 intercostalium
1010 764 1238 808 designantur,
1279 775 1388 796 omnes
1416 777 1433 795 a
1469 764 1610 796 medulla

268 821 383 865 spinali
405 822 559 863 originem
584 832 672 851 suam
696 820 836 858 ducunt,
862 819 922 862 jam
948 821 1072 861 egimus
1097 819 1136 849 de
1157 818 1324 849 effectibus
1344 819 1400 861 qui
1421 830 1459 849 ex
1480 818 1610 850 illorum

269 876 396 906 Iaesione
414 874 462 905 vel
480 874 696 904 destructione
712 874 876 911 oriuntur,
895 884 996 915 quum
1010 873 1049 904 de
1067 873 1207 904 medulla
1224 873 1337 915 spinali
1354 873 1453 904 locuti
1468 872 1609 913 fuimus3

270 936 414 971 tuncque
426 928 565 959 diximus
579 928 728 967 vulnera,
741 939 812 970 quae
828 927 1080 958 intercostalium
1092 938 1266 958 nervorum
1280 927 1436 969 originem
1453 926 1611 966 afliciunt,

272 982 492 1014 musculorum
519 980 661 1024 ejusdem
687 981 825 1012 nominis
848 981 1018 1024 paralysim
1046 992 1176 1012 causare
1202 986 1234 1011 et
1258 980 1414 1022 impedire
1440 981 1613 1023 quominus

270 1043 382 1080 pectus
403 1036 574 1067 lateraliter
596 1036 766 1067 dilatetur:
787 1035 848 1066 hoc
867 1035 1001 1066 effatum
1019 1034 1105 1078 quod
1124 1033 1253 1078 jamjam
1273 1034 1483 1065 stabilivimus
1505 1033 1612 1064 obser-

271 1089 452 1124 vationibus
488 1095 521 1120 et
549 1091 709 1120 variorum
744 1096 912 1120 auctorum
945 1089 1110 1120 sententiis
1124 1113 1132 1128 ,
1168 1089 1291 1119 firmius
1330 1087 1436 1118 adhuc
1466 1087 1612 1118 redditur

272 1143 499 1187 experimentis
532 1143 549 1173 a
584 1142 790 1185 Cruyksbank
829 1143 1005 1173 institutis:
1044 1142 1122 1172 Cani
1164 1142 1257 1172 istam
1297 1141 1447 1172 medullae
1484 1141 1613 1184 spinalis

272 1203 395 1241 partem
418 1195 563 1233 abstulit,
586 1207 657 1237 quae
678 1197 784 1227 nervis
805 1195 1060 1226 intereostalibus
1079 1195 1235 1238 originem
1252 1194 1322 1233 dat,
1344 1195 1556 1237 protinusque
1577 1206 1613 1226 ac

272 1250 353 1282 illud
370 1250 491 1280 sactum
507 1249 571 1279 fuit
589 1248 724 1279 musculi
746 1260 855 1278 omnes
872 1248 1104 1287 intercostales,
1126 1254 1191 1278 tam
1212 1249 1331 1278 interni
1352 1259 1448 1290 quam
1471 1250 1614 1288 externi,

273 1303 409 1347 paralysi
428 1303 566 1344 correpti
588 1307 679 1341 sunt,
701 1303 866 1344 respiratio
881 1302 977 1333 solius
999 1301 1247 1344 diaphragmatis
1264 1302 1481 1332 contractione
1500 1301 1613 1333 fiebat:

273 1357 389 1390 exinde
409 1362 497 1399 patet
517 1355 595 1398 quid
616 1355 784 1387 turbarum
806 1362 838 1386 et
857 1362 1017 1398 quantum
1039 1355 1222 1398 periculum
1244 1367 1283 1386 ex
1304 1355 1490 1399 hujusmodi
1511 1355 1616 1388 laesio—

272 1411 368 1442 nibus
390 1410 603 1453 progignitur.
632 1409 758 1441 Nervus
779 1409 952 1452 phrenicus
973 1411 1029 1452 qui
1049 1410 1067 1440 a
1086 1416 1176 1453 parte
1199 1410 1350 1441 anteriori
1374 1410 1488 1452 plexus
1509 1411 1615 1442 cervi—

275 1464 350 1496 calis
382 1465 573 1506 proveniens
601 1463 640 1494 ad
671 1463 878 1506 diaphragma
914 1463 1036 1503 tendit,
1068 1463 1144 1505 (cui
1177 1469 1301 1494 motum
1338 1463 1487 1494 conciliat
1517 1470 1614 1507 atque

274 1517 552 1559 sensibilitatem),
580 1517 676 1548 etiam
702 1517 902 1549 utilissimam
925 1517 1126 1549 functionem
1149 1519 1183 1549 in
1208 1518 1275 1561 ipso
1302 1518 1517 1560 respirationis
1541 1524 1615 1550 actu

277 1572 416 1615 peragit,
435 1582 510 1601 nam
531 1582 632 1613 quum
652 1571 737 1603 solus
755 1573 795 1602 sit
810 1578 842 1603 et
856 1573 973 1603 unicus
991 1583 1110 1604 nervus
1131 1572 1205 1604 vitae
1224 1571 1387 1611 animalis,
1413 1573 1469 1614 qui
1488 1572 1521 1602 in
1546 1572 1616 1604 dia—

276 1626 464 1668 phragmate
484 1624 701 1665 distribuitur,
724 1625 808 1657 solus
827 1626 922 1657 etiam
945 1625 1000 1657 ille
1018 1625 1161 1669 ejusdem
1181 1627 1292 1668 organi
1310 1626 1541 1657 contractiones
1557 1625 1616 1658 de-
1653 1617 1656 1622 ¹

278 1679 445 1718 terminat,
470 1679 498 1709 si
524 1679 623 1721 igitur
648 1679 700 1711 vel
724 1679 920 1711 abscinditur
945 1679 996 1711 vel
1021 1679 1198 1711 destruitur
1227 1679 1302 1718 ille,
1333 1681 1415 1722 septi
1445 1681 1616 1711 transversi

278 1733 360 1763 actio
380 1732 466 1771 silet3
491 1732 577 1775 quod
597 1734 726 1764 omnino
747 1733 861 1765 Bichat
882 1733 1243 1777 experimentationibus
1265 1733 1330 1764 suis
1349 1733 1569 1776 comprobavit
1584 1739 1616 1765 et

279 1787 362 1819 ultra
384 1786 590 1818 dubitationis
608 1787 709 1819 aleam
732 1788 854 1831 posuit:
879 1800 954 1819 nam
976 1788 1096 1819 scilicet
1115 1788 1162 1830 (1)
1183 1799 1286 1831 quum
1310 1788 1344 1819 in
1369 1787 1507 1819 animale
1534 1799 1617 1831 quo-

279 1851 409 1883 cunque
440 1841 530 1872 nervi
555 1840 702 1883 phrenioi
730 1842 860 1885 utrique
889 1848 1053 1882 secantur,
1082 1842 1233 1886 paralysis
1263 1841 1512 1884 diaphragmatis
1543 1853 1617 1873 mox

280 1895 442 1938 sequitur,
468 1894 579 1926 thorax
598 1907 663 1927 non
684 1896 822 1939 amplius
842 1897 1020 1928 secundum
1041 1908 1131 1928 suam
1151 1895 1386 1938 longitudinem
1407 1895 1616 1939 expanditur3

281 1955 314 1980 et
342 1948 506 1991 respiratio
534 1960 631 1992 quam
661 1951 839 1983 maximum
871 1951 987 1983 exinde
1018 1951 1248 1983 detrimentum
1277 1951 1419 1994 patitur,
1456 1951 1490 1981 in
1520 1950 1617 1982 haece

344 2069 376 2099 (ι)
394 2069 493 2096 Bichat,
512 2077 552 2093 sur
569 2070 593 2093 la
608 2071 646 2094 vie
661 2076 685 2095 et
705 2072 728 2095 la
746 2077 823 2103 mort,
840 2080 894 2104 pag.
909 2073 962 2103 475.
