1747 2620
139 342 212 374 Bini
236 353 323 374 nunc
343 338 529 373 recensendi
551 338 686 370 veniunt
702 336 823 368 dentati
843 336 999 377 minores,
1026 348 1165 380 quorum
1184 338 1345 379 superior,
1370 348 1427 378 per

96 397 227 428 alteram
253 395 488 427 extremitatem
512 393 686 436 ligamento
714 391 862 424 cervicali
888 391 1074 434 posteriori,
1114 391 1268 433 apophysi
1295 391 1428 432 spinosae

95 450 217 481 ultimae
237 448 398 480 cervicalis
414 453 447 478 et
467 447 565 477 trium
586 446 728 488 priorum
752 445 972 478 vertebrarum
993 444 1163 476 dorsalium
1184 455 1343 482 annexus,
1370 455 1429 474 an-

94 504 210 535 teriora
234 513 343 534 versus
364 500 549 532 extenditur
572 506 604 531 et
625 511 681 543 per
706 506 843 542 quatuor
869 499 1069 541 digitationes
1095 498 1230 540 margini
1255 498 1428 542 superiori,

95 556 257 595 secundae,
272 555 388 594 tertiae,
405 559 526 597 quartae
542 559 574 584 et
588 553 709 596 quintae
725 558 816 583 costae
833 551 998 594 alligatur,
1016 551 1192 593 splenium,
1209 550 1428 592 complexum,

96 616 195 642 costas
219 615 251 640 et
271 607 487 639 intercostales
509 606 669 638 musculos
694 605 974 648 correspondentes
996 604 1144 643 obducit,
1171 609 1203 635 et
1230 605 1297 646 ipse
1318 603 1430 634 rhom-

96 663 227 702 boideo,
254 661 470 704 trapeziformi
494 666 527 691 et
547 660 675 690 dentato
700 658 818 702 majore
840 657 1021 689 obducitur.
1056 657 1160 687 Minor
1184 668 1259 688 vero
1282 656 1431 687 dentatus

95 717 228 749 inferior
247 715 394 746 binarum
416 714 603 745 ultimarum
626 713 708 743 dorsi
725 717 757 742 et
778 712 876 742 trium
896 711 1038 753 priorum
1060 709 1279 741 vertebrarum
1301 709 1431 740 lumba-

95 772 181 803 rium
207 768 421 812 apopliysibus
439 767 571 809 spinosis
596 765 729 808 ligatus,
755 763 965 806 expanditur,
989 763 1145 793 anteriora
1169 773 1277 793 versus
1297 773 1432 804 progre-

97 824 200 863 ditur,
226 829 258 853 et
278 822 318 853 ad
338 820 470 862 angulos
492 825 650 850 costarum
676 817 927 849 abdominalium
946 822 1121 858 perventus
1141 826 1207 847 sese
1232 816 1266 846 in
1293 821 1431 857 quatuor

97 877 297 921 digitationes
329 874 459 913 dividit,
491 884 563 916 quae
591 871 776 914 singulatim
808 870 944 913 margini
973 869 1129 912 superiori
1158 870 1281 909 tertiae,
1310 875 1432 912 quartae

98 932 284 974 quintaeque
311 933 403 959 costae
430 925 636 958 abdominalis
660 923 856 966 applicatur,
883 924 926 954 ita
947 922 1078 965 quidem
1100 928 1154 962 ut,
1180 933 1244 964 quo
1269 923 1369 965 magis
1393 922 1433 954 ad

97 984 248 1016 inferiora
270 982 388 1023 vergit,
409 991 446 1011 eo
466 989 596 1022 quoque
614 978 650 1008 fit
666 977 791 1020 longior
807 982 840 1007 et
857 977 956 1019 magis
975 977 1132 1007 anterior:
1156 986 1252 1018 supra
1271 975 1433 1007 musculos

98 1035 306 1079 vertebraleS,
331 1039 455 1077 partem
476 1032 683 1075 posteriorem
703 1030 892 1062 ultimarum
915 1035 1071 1060 costarum
1091 1034 1124 1059 et
1149 1028 1309 1060 musculos
1329 1029 1433 1060 inter-

99 1089 228 1122 costales
247 1089 324 1119 huic
345 1086 570 1129 respondentes
591 1085 692 1129 jacet,
714 1084 781 1125 ipse
807 1083 957 1114 latissimo
979 1082 1062 1112 dorsi
1087 1081 1156 1112 fere
1179 1087 1265 1112 totus
1292 1087 1432 1124 quantus

97 1142 270 1185 subjectus.

79 1189 82 1191 ’
140 1195 283 1225 Ultimus
301 1193 390 1224 strati
410 1191 501 1223 istius
521 1189 675 1234 profundi
696 1189 861 1221 musculus
882 1188 1031 1220 dentatus
1058 1187 1159 1232 major
1181 1193 1244 1227 est,
1270 1187 1310 1219 ad
1331 1188 1431 1220 latera

97 1249 247 1280 Thoracis
264 1247 443 1285 invenitur,
457 1251 527 1277 octo
542 1243 781 1287 digitationibus
794 1243 931 1274 carnosis
946 1248 1015 1273 octo
1031 1241 1190 1284 prioribus
1204 1241 1295 1272 costis
1307 1242 1433 1273 insertis

95 1304 252 1341 nascitur,
268 1312 308 1332 ex
322 1300 371 1331 his
386 1298 534 1330 omnibus
548 1290 693 1328 fasciculi
707 1296 878 1328 musculosi
893 1295 1078 1338 singulatim
1095 1295 1341 1337 proficiscuntur
1354 1308 1431 1339 par-

96 1363 162 1387 tem
178 1354 284 1386 trunci
298 1353 505 1396 posteriorem
526 1356 670 1394 petentes
686 1356 718 1381 et
739 1350 773 1381 in
790 1361 894 1381 unum
915 1355 1145 1392 convergentes
1159 1349 1296 1391 scapulae
1313 1350 1432 1392 angulo

97 1408 277 1452 posteriori,
293 1406 430 1449 margini
441 1404 555 1448 spinali
571 1403 754 1447 anguloque
770 1403 915 1435 inferiori
936 1403 1036 1446 ligati.
1059 1403 1166 1434 Facies
1184 1403 1284 1445 ipsius
1304 1403 1431 1435 interna

97 1461 255 1506 prioribus
283 1466 353 1492 octo
384 1460 476 1490 costis
508 1464 604 1501 atque
632 1456 785 1488 musculis
819 1456 1074 1488 intercostalibus
1106 1456 1373 1499 respondentibus
1401 1464 1434 1488 et

99 1515 225 1547 cuidam
242 1514 325 1557 parti
342 1513 463 1544 dentati
478 1513 610 1544 minoris
624 1511 841 1554 superioribus
857 1517 889 1543 et
907 1510 1112 1542 inferioribus
1128 1516 1314 1553 suprasunt3
1337 1511 1434 1542 facies

99 1575 207 1600 autem
233 1574 365 1599 externa
385 1566 468 1598 binis
487 1565 641 1598 musculis
661 1564 890 1608 pectoralibuS,
916 1564 1067 1595 latissimo
1088 1563 1171 1595 dorsi
1197 1569 1230 1595 et
1253 1564 1338 1595 infra
1363 1575 1434 1596 sca-

100 1622 204 1666 pulari
224 1619 377 1664 subjacet.

143 1677 230 1707 Inter
250 1674 412 1706 musculos
430 1674 519 1704 strati
540 1673 747 1717 superficialis
767 1679 843 1705 sunt
862 1673 919 1716 qui
936 1671 1125 1703 secundario
1147 1670 1257 1711 modo,
1280 1678 1356 1703 sunt
1376 1674 1433 1715 qui

101 1729 189 1760 nullo
212 1728 281 1759 fere
307 1726 400 1758 modo
422 1727 636 1769 respirationis
660 1728 787 1770 negotio
816 1718 998 1760 inserviunt
1007 1738 1013 1757 z
1039 1726 1079 1757 de
1103 1725 1226 1757 ultimis
1248 1726 1337 1757 nulla
1364 1726 1433 1758 fere

102 1782 220 1820 mentio
239 1782 309 1821 fiet,
335 1782 455 1824 quippe
482 1781 538 1823 qui
560 1793 577 1812 a
598 1787 703 1813 nostro
722 1793 816 1824 scopo
838 1781 908 1812 fere
934 1785 1010 1811 sunt
1031 1779 1147 1818 alieni,
1178 1778 1218 1810 de
1240 1779 1309 1810 aliis
1334 1790 1432 1822 quam

102 1833 316 1866 brevissimam
339 1834 583 1877 descriptionem
609 1835 774 1866 faciemus.
801 1835 838 1865 In
859 1833 908 1865 his
933 1834 1053 1864 iterum
1077 1831 1275 1875 exponendis
1299 1843 1316 1863 a
1342 1839 1432 1875 parte

102 1887 302 1930 profundiori
322 1888 359 1918 ad
379 1889 478 1930 magis
494 1888 726 1931 superficialem
746 1887 990 1931 progrediemur
1010 1891 1043 1917 et
1062 1886 1106 1916 sic
1129 1884 1260 1927 quidem
1276 1884 1316 1916 ab
1334 1886 1432 1928 ipsius

102 1939 240 1972 musculi
260 1939 419 1972 subclavei
440 1941 651 1984 descriptione
671 1942 875 1984 incipiemus

146 1992 311 2024 Masculus
333 1998 379 2023 est
399 1992 591 2025 fascicularis
612 1989 704 2025 'inter
733 1995 871 2036 primam
893 1997 1011 2023 costam
1038 1997 1072 2022 et
1097 1991 1212 2023 faciem
1245 1992 1431 2023 inferiorem

102 2045 266 2079 claviculae
285 2046 382 2076 situm
404 2056 499 2078 suum
522 2045 683 2087 obtinens,
706 2046 844 2089 portioni
870 2046 1004 2076 internae
1024 2044 1119 2076 faciei
1140 2044 1305 2076 anterioris
1319 2045 1430 2087 primae

1099 2108 1119 2130 2
