1747 2620
874 210 987 254 (54)

727 334 1017 367 PROBLEMA
1073 335 1121 365 11.

305 431 392 462 Datis
413 435 549 473 quatuor
570 430 664 461 rectis
684 429 716 460 in
733 428 845 460 eodem
867 428 977 471 plano,
1001 427 1253 471 quadrilaterum
1274 428 1502 468 formantibus,
1519 441 1597 462 con-

260 492 383 516 struere
411 489 529 515 rectam
560 494 632 525 quae
657 482 764 526 jungit
788 493 962 514 concursus
999 482 1136 513 laterum
1171 483 1411 525 oppositorum,
1449 484 1596 526 ponendo

261 541 332 570 istas
349 543 449 569 rectas
466 547 568 579 usque
591 536 629 567 ad
652 536 793 578 ipsorum
815 546 1007 567 concursum
1030 546 1093 566 nou
1115 547 1203 578 posse
1222 536 1366 579 produci.

305 592 377 622 Duo
397 591 454 621 ista
474 589 667 633 problemata
689 588 836 631 pluribus
856 589 925 620 aliis
947 588 1046 620 modis
1068 589 1181 620 resolvi
1202 596 1344 632 possunt.
1369 592 1403 621 1⁰
1419 591 1466 622 Ex
1488 591 1595 623 Theo—

260 651 380 677 remate
401 644 464 675 XII
484 644 597 686 primae
618 644 725 685 partis.
754 643 788 673 2⁰
805 643 851 673 Ex
874 642 996 674 theoria
1016 644 1233 686 perspectivae.
1261 643 1296 675 3⁰
1311 644 1358 674 Ex
1379 644 1499 676 theoria
1522 657 1597 688 pro—

261 706 446 743 lectionum.

716 791 1009 824 PROBLEMA
1065 793 1137 823 ΙΙΙ.

304 883 432 914 Rectam
454 880 510 912 FG
530 880 603 923 (fig.
624 879 689 922 49)
711 878 889 922 producere
908 885 994 910 trans
1019 879 1237 920 obstaculum,
1259 892 1289 913 v.
1312 892 1342 924 g.
1365 887 1506 913 montem
1533 893 1596 925 quo

260 938 344 970 oculi
363 936 443 968 radii
463 937 497 967 in
520 935 695 972 directione
715 934 770 965 FG
793 933 1027 976 impediuntur.

305 993 447 1023 Ponatur
465 990 594 1033 signum
616 990 649 1020 in
671 993 791 1031 puncto
811 987 950 1031 quodam
971 986 1137 1019 arbitrario
1159 986 1200 1027 C,
1222 987 1338 1019 deinde
1357 987 1391 1019 in
1412 987 1599 1020 directioni—-

261 1046 320 1078 bus
346 1044 402 1076 CG
423 1050 456 1075 et
477 1043 543 1083 CF,
569 1048 739 1074 sumantur
763 1041 828 1073 duo
852 1046 972 1084 puncta
997 1040 1024 1071 B
1044 1047 1075 1072 et
1094 1042 1121 1072 D
1147 1041 1189 1072 ita
1210 1047 1248 1073 ut
1271 1041 1403 1073 directio
1428 1041 1484 1073 BD
1514 1048 1599 1074 trans

261 1097 459 1131 obstaculum
477 1096 660 1140 perveniat,
679 1100 712 1127 et
731 1100 895 1138 quaeratur
914 1100 1072 1137 punctum
1092 1095 1119 1126 A
1138 1096 1370 1127 intersectionis
1386 1095 1599 1128 directionum

260 1152 311 1185 FB
330 1158 362 1184 et
377 1152 453 1191 GD,
475 1150 615 1192 denique
635 1150 670 1180 in
691 1148 865 1180 directione
884 1148 939 1179 AC
959 1155 1096 1192 ponatur
1116 1149 1244 1192 signum
1264 1149 1299 1180 in
1317 1155 1438 1192 puncto
1459 1150 1597 1192 quodam

261 1206 426 1238 arbitrario
449 1204 495 1244 C',
516 1209 549 1235 et
567 1203 824 1234 determinantur
841 1208 961 1245 puncta
977 1203 1014 1233 B'
1030 1208 1062 1234 et
1076 1202 1114 1233 D'
1135 1203 1366 1235 intersectionis
1382 1203 1597 1236 directionum

260 1261 326 1293 GC'
342 1266 375 1291 et
389 1258 458 1298 FB,
481 1257 542 1289 FC'
560 1262 592 1288 et
607 1256 684 1297 GD3
710 1255 827 1299 quibus
847 1256 998 1299 peractis,
1022 1257 1047 1287 si
1070 1264 1233 1300 quaeratur
1258 1263 1417 1300 punctum
1442 1258 1599 1290 intersec-

260 1315 353 1347 tionis
374 1313 587 1345 directionum
610 1311 666 1342 DB
683 1317 716 1342 et
733 1310 822 1351 D'B',
845 1310 931 1354 quod
951 1310 991 1342 sit
1011 1311 1055 1351 K,
1073 1311 1134 1342 erit
1154 1311 1184 1343 K
1201 1318 1360 1355 punctum
1381 1312 1599 1355 productionis

260 1369 315 1401 FG
336 1367 469 1411 (coroll.
490 1367 530 1397 ΙΙ.
551 1366 668 1397 Theor.
689 1364 720 1395 V
745 1365 856 1407 primae
878 1364 1010 1407 partis).

304 1423 337 1454 Si
352 1422 497 1465 capiatur
510 1419 597 1452 aliud
608 1423 768 1462 punctum
781 1417 822 1458 C,
837 1417 948 1449 eadem
964 1418 1163 1460 operatione,
1180 1418 1377 1450 obtinebitur
1389 1418 1477 1450 aliud
1492 1430 1599 1461 punc-

262 1486 331 1510 tum
346 1477 386 1508 K'
404 1474 621 1519 productionis
637 1473 707 1513 GF,
729 1472 872 1516 adeoque
890 1471 1058 1515 productio
1077 1471 1130 1502 illa
1149 1472 1209 1503 erit
1225 1471 1355 1502 omnino
1373 1471 1596 1504 determinata.

718 1600 1014 1634 PROBLEMA
1076 1600 1138 1631 IV.

307 1695 369 1726 Per
389 1698 548 1736 punctum
571 1690 681 1722 datum
702 1700 797 1732 supra
818 1689 990 1720 sectionem
1012 1688 1170 1728 comeam,
1196 1694 1382 1731 tangentem
1408 1687 1536 1720 ducere.

306 1749 353 1780 Sit
366 1748 447 1790 (ba)
463 1746 537 1789 (fig.
558 1746 619 1788 25)
633 1750 791 1788 punctum
810 1743 936 1783 datum3
952 1743 1119 1785 capiantur
1136 1754 1232 1785 supra
1247 1744 1421 1774 sectionem
1436 1743 1597 1783 conicam,

263 1809 400 1848 quatuor
419 1800 478 1832 alia
499 1805 620 1843 puncta
645 1810 678 1836 c,
697 1798 735 1836 d,
753 1809 787 1835 e,
799 1796 836 1840 f,
861 1796 1041 1836 arbitraria,
1066 1802 1103 1828 ut
1124 1796 1280 1829 habeatur
1301 1803 1520 1840 pentagonum
1544 1798 1597 1828 in-

262 1860 417 1900 scriptum
441 1854 522 1897 (ba)
548 1852 641 1896 cdef,
674 1853 709 1884 in
734 1863 798 1895 quo
819 1850 918 1882 latera
944 1849 1024 1893 eset
1041 1862 1058 1881 c
1079 1851 1161 1894 (ba)
1185 1850 1244 1882 sibi
1266 1851 1405 1884 invicem
1428 1857 1597 1882 occurrant

263 1915 295 1944 iu
310 1911 360 1951 R',
381 1915 413 1941 et
434 1908 532 1939 latera
553 1906 596 1938 cd
614 1912 646 1938 et
666 1906 798 1949 (ba)f,
825 1918 962 1950 quarum
984 1907 1164 1938 intersectio
1185 1907 1225 1938 sit
1244 1907 1288 1938 R:
1310 1907 1336 1938 si
1356 1906 1495 1938 ducatur
1519 1906 1595 1946 RR',

262 1968 345 1999 latus
364 1964 407 1996 ed
429 1964 520 1994 istam
547 1968 667 1993 rectam
689 1961 754 1993 RR'
775 1961 893 1993 secabit
912 1962 947 1993 in
971 1961 1109 2004 quodam
1133 1966 1255 2004 puncto
1281 1960 1330 1992 R''
1354 1966 1386 1991 et
1407 1961 1433 1991 si
1457 1959 1596 2002 denique

264 2021 401 2053 ducatur
410 2017 459 2049 R''
470 2016 533 2059 (ba
541 2016 568 2059 )‚
584 2016 641 2047 ista
652 2021 738 2047 recta
749 2016 810 2047 erit
821 2022 954 2060 tangens
965 2017 1106 2059 quaesita.
1119 2015 1256 2058 (Theor.
1268 2015 1297 2047 ΙΙ
1307 2014 1458 2048 seeuudae
1468 2013 1595 2058 partis).
