1747 2620
682 274 818 317 (113)

127 349 224 388 Quod
240 354 360 393 spectat
375 348 414 380 ad
433 348 568 381 vulnera
583 346 694 391 majori
709 346 942 390 haemorrhagia
958 349 1087 392 stipata,
1108 350 1290 383 innumerae
1309 353 1417 384 obser—-

83 404 225 435 vationes
246 402 332 446 apud
352 403 452 434 varios
474 408 618 434 auctores
639 407 799 444 prostant,
819 401 938 445 quibus
958 402 1111 445 probatur
1133 404 1265 436 vulnera
1288 406 1417 448 pulmo-

83 469 162 489 num
178 456 355 500 profunda,
372 462 404 487 et
418 456 608 499 sanguinem
625 454 740 497 magna
756 455 936 497 quantitate
952 455 1165 498 profluentem
1182 458 1419 501 suppeditantia

84 511 190 543 curari
206 511 336 541 omnino
352 520 459 552 posse3
473 510 575 542 multa
591 509 653 554 jam
671 508 856 552 hujusmodi
873 509 1020 552 exempla
1036 510 1122 553 apud
1139 517 1260 543 veteres
1275 519 1420 544 auctores

84 564 314 607 reperiuntur,
347 562 448 594 multa
478 569 511 594 et
540 575 655 606 magna
688 563 835 594 referunt
869 563 1013 595 Bohnius
1027 588 1035 604 ,
1069 565 1211 607 Pigraeus
1224 590 1232 606 ,
1264 566 1421 610 Stalpaert

84 629 146 650 van
163 617 219 648 der
234 616 341 656 Wiel,
358 623 419 648 etc.
444 617 533 649 Inter
548 624 707 657 auctores,
725 618 781 661 qui
797 618 986 660 insigniores
1004 629 1093 649 casus
1113 619 1226 651 talium
1246 620 1420 653 vulnerum

84 676 270 703 curatorum
294 670 454 713 praebent,
483 672 604 703 eminet
632 672 772 714 Larrey‚
798 672 891 714 cujus
916 671 972 702 has
997 671 1086 703 binas
1111 673 1344 707 observationes
1369 675 1422 707 hic

83 724 258 757 transcribo
277 724 342 767 (1):
372 736 390 756 )>
406 725 500 756 Militi
519 725 584 757 fuit
604 724 722 758 vulnus
743 724 903 755 inflictum
921 731 1093 767 penetrans
1116 727 1200 758 inter
1218 729 1363 770 quintam
1390 735 1423 760 et

84 790 103 811 ³)
118 784 240 810 sextam
262 784 380 809 costam
402 789 526 819 veram,
546 790 684 821 quarum
706 778 915 810 directionem
935 779 1145 822 sequebatur,
1166 781 1266 824 ipsius
1280 784 1423 814 extensio

85 844 105 864 ))
121 832 189 864 fere
210 838 280 863 octo
304 833 502 864 centimetris
524 832 657 876 aequalis
677 839 763 864 erat:
792 832 933 864 multum
959 834 1075 866 exinde
1097 836 1261 879 sanguinis
1282 836 1372 868 rubri
1393 844 1426 869 et

85 897 105 918 ))
121 877 260 929 spumosi
280 885 487 929 erumpebat:
504 892 620 929 praeter
638 886 697 917 alia
719 892 946 930 symptomata,
966 888 1127 920 sauciatus
1143 900 1270 933 semper
1284 892 1318 922 in
1337 892 1426 934 peri-

85 952 104 972 >³
121 940 232 972 culum
254 940 470 972 suffocationis
487 947 571 981 erat,
589 947 756 984 perspecto
778 940 927 980 vulnere,
945 941 989 972 ait
1004 943 1140 986 Larrey,
1160 949 1256 986 atque
1272 944 1311 976 (le
1326 945 1425 988 ipsius

86 993 280 1026 »labiorum
312 994 524 1037 parallelisnio
548 996 664 1026 certior
695 995 816 1035 sactus,
847 996 993 1038 protinus
1023 996 1105 1028 labia
1130 997 1258 1030 sibimet
1285 999 1425 1031 invicem

85 1059 105 1080 )>
120 1047 231 1092 junxi,
258 1049 368 1092 sicque
397 1060 457 1092 ope
481 1049 726 1093 emplastrorum
752 1049 1025 1092 agglutinantium
1052 1052 1184 1083 retinui.
1216 1053 1253 1083 In
1283 1053 1426 1096 applica-

86 1114 106 1134 ))
121 1103 208 1133 tione
230 1103 320 1133 istius
341 1104 512 1145 apparatus
531 1103 614 1135 nihil
634 1103 722 1134 aliud
745 1103 824 1134 mihi
848 1106 1020 1147 proposui,
1047 1106 1107 1137 nisi
1130 1113 1167 1137 ut
1188 1114 1365 1139 averterem
1386 1119 1426 1139 ex

86 1167 106 1187 ))
122 1155 221 1199 ipsius
244 1156 424 1198 aegrotantis
444 1157 766 1200 commilitonumque
785 1163 916 1200 aspectu
934 1159 1153 1201 spectaculum
1178 1160 1341 1193 dirissimae
1358 1162 1428 1193 hae-

87 1220 107 1241 ))
123 1209 311 1253 morrhagiae
334 1211 431 1242 vitam
452 1211 631 1242 miserrimo
652 1211 699 1242 illi
715 1223 790 1243 cum
806 1213 962 1255 sanguine
981 1214 1175 1245 auferentis:
1192 1221 1224 1246 at
1240 1227 1315 1249 vero
1331 1217 1429 1248 simul

87 1274 106 1294 »
122 1274 159 1294 ac
174 1263 294 1294 vulnus
309 1263 373 1295 fuit
393 1264 575 1305 occlusum,
592 1265 725 1297 liberius
742 1265 834 1297 laesus
854 1266 991 1298 halitum
1010 1267 1163 1309 ducebat,
1180 1280 1333 1313 magnum
1351 1282 1428 1314 pro-

87 1328 106 1348 ))
121 1317 209 1348 tinus
225 1316 372 1350 levamen
388 1318 630 1360 experiebatur3
644 1325 676 1350 et
691 1320 842 1363 equidem
858 1320 1026 1365 obstupui,
1046 1334 1149 1366 quum
1162 1325 1427 1368 symptomatibus

87 1382 107 1402 ))
123 1370 272 1402 omnibus
298 1372 484 1414 periculosis
509 1373 789 1414 evanescentibus,
813 1381 1020 1417 aegrotantem
1040 1377 1074 1408 in
1096 1377 1261 1410 meliorem
1284 1385 1428 1412 mentem

89 1431 157 1457 »et
181 1425 292 1468 paucis
316 1432 386 1468 post
407 1432 576 1470 acceptum
597 1426 717 1459 vulnus
738 1427 851 1460 diebus
875 1431 1001 1462 sanitati
1020 1433 1205 1464 restitutum
1228 1433 1397 1466 viclerim.’⁷

131 1479 217 1512 Illud
246 1480 376 1523 quidem
403 1481 593 1524 exemplum
618 1483 732 1514 atrocis
760 1483 903 1515 vulneris
930 1486 1049 1525 curati,
1076 1487 1101 1517 si
1126 1487 1228 1518 solum
1255 1489 1426 1529 existeret,

89 1539 193 1576 posset
212 1534 261 1564 uti
282 1533 463 1577 prodigium
485 1536 599 1578 aspici,
621 1547 659 1567 ex
682 1547 747 1579 quo
767 1537 889 1569 nullam
911 1540 1150 1572 conclusionem
1171 1541 1331 1573 deducere
1354 1555 1430 1586 pos-

88 1598 212 1628 semus,
229 1587 282 1618 sed
294 1587 403 1630 plures
418 1589 523 1621 adhuc
538 1596 614 1622 sunt
627 1591 805 1623 istiusmodi
820 1592 1069 1634 observationes,
1087 1594 1171 1627 idem
1187 1608 1304 1640 nempe
1317 1604 1428 1629 auctor

88 1641 224 1672 similem
251 1641 319 1672 fere
345 1653 453 1673 casum
477 1650 585 1675 narrat
607 1644 674 1688 (2):
706 1657 725 1677 >)
748 1646 839 1677 Miles
873 1648 1126 1681 transferebatur
1149 1651 1182 1681 in
1208 1653 1427 1684 nosocomium

90 1706 109 1726 ))
126 1695 301 1727 moriturus
322 1706 340 1726 e
358 1696 487 1739 grandi,
504 1698 591 1741 quod
610 1706 792 1743 acceperat,
810 1701 945 1734 vulnere
965 1703 1050 1735 inter
1065 1711 1212 1747 quartam
1230 1711 1262 1736 et
1281 1707 1428 1749 quintam

90 1761 108 1779 ))
127 1754 244 1780 costam
267 1748 371 1780 dextri
392 1749 511 1782 lateris.
538 1753 672 1796 Largam
699 1760 732 1786 et
752 1754 852 1798 digito
874 1757 1103 1800 explorandam
1127 1760 1298 1791 sectionem
1319 1761 1429 1803 pulmo

90 1815 234 1847 »passus
252 1809 336 1844 erat,
365 1804 424 1836 sub
443 1806 570 1850 singula
590 1809 798 1852 inspiratione
824 1811 938 1854 ingens
959 1813 1124 1855 sanguinis
1145 1815 1306 1855 quantitas
1331 1817 1429 1846 aereis

91 1869 110 1888 ))
126 1857 259 1889 bullulis
280 1858 397 1890 referta
416 1861 616 1904 erumpebat.
641 1863 840 1897 Miserandus
859 1865 914 1896 ille
935 1866 1139 1908 frequentem
1161 1867 1193 1897 in
1214 1879 1376 1911 syncopen
1396 1876 1428 1900 et

93 1923 111 1943 ))
128 1912 370 1944 suffocationem
392 1914 568 1956 incidebat,
594 1917 692 1949 facies
712 1919 781 1962 ejus
799 1925 867 1950 erat
888 1919 1021 1961 pallida,
1044 1919 1129 1951 oculi
1153 1920 1294 1962 obscuri,
1319 1923 1429 1965 pulsus

102 1998 1426 2016 Ἣ

152 2046 185 2075 (ι)
203 2046 332 2069 Me'moires
350 2046 378 2070 de
395 2048 516 2079 chirurgia
535 2043 664 2082 militane,
685 2057 745 2075 tom,
765 2055 797 2076 11.
822 2060 875 2084 pag.
897 2054 945 2077 150.

154 2087 186 2116 (2)
204 2086 270 2110 lbid.
282 2105 288 2116 ,
415 2088 493 2119 ibid„
685 2098 742 2117 tom.
760 2095 794 2117 ΙΙ,
816 2101 870 2125 pag.
889 2094 939 2117 156.

1101 2137 1139 2168 15
