<?xml version="1.0" encoding="UTF-8"?>
<!DOCTYPE html PUBLIC "-//W3C//DTD XHTML 1.0 Transitional//EN"
    "http://www.w3.org/TR/xhtml1/DTD/xhtml1-transitional.dtd">
<html xmlns="http://www.w3.org/1999/xhtml" xml:lang="en" lang="en">
 <head>
  <title>
</title>
<meta http-equiv="Content-Type" content="text/html;charset=utf-8" />
  <meta name='ocr-system' content='tesseract 3.04.00' />
  <meta name='ocr-capabilities' content='ocr_page ocr_carea ocr_par ocr_line ocrx_word'/>
</head>
<body>
  <div class='ocr_page' id='page_1' title='image "annalesacademiae00acad_0313.png"; bbox 0 0 1747 2620; ppageno 0'>
   <div class='ocr_carea' id='block_1_1' title="bbox 661 269 797 312">
    <p class='ocr_par' dir='ltr' id='par_1_1' title="bbox 661 269 797 312">
     <span class='ocr_line' id='line_1_1' title="bbox 661 269 797 312; baseline 0.007 -11"><span class='ocrx_word' id='word_1_1' title='bbox 661 269 797 312; x_wconf 84' lang='lat'>(125)</span> 
     </span>
    </p>
   </div>
   <div class='ocr_carea' id='block_1_2' title="bbox 57 343 1405 1197">
    <p class='ocr_par' dir='ltr' id='par_1_2' title="bbox 58 343 1403 710">
     <span class='ocr_line' id='line_1_2' title="bbox 60 343 1398 389; baseline 0.001 -12"><span class='ocrx_word' id='word_1_2' title='bbox 60 345 164 385; x_wconf 80' lang='lat' dir='ltr'>valet3</span> <span class='ocrx_word' id='word_1_3' title='bbox 193 356 231 377; x_wconf 90' lang='lat' dir='ltr'>eo</span> <span class='ocrx_word' id='word_1_4' title='bbox 255 345 355 389; x_wconf 87' lang='lat' dir='ltr'>igitur</span> <span class='ocrx_word' id='word_1_5' title='bbox 385 344 502 376; x_wconf 87' lang='lat' dir='ltr'>clarius</span> <span class='ocrx_word' id='word_1_6' title='bbox 531 348 665 387; x_wconf 87' lang='lat' dir='ltr'>apparet</span> <span class='ocrx_word' id='word_1_7' title='bbox 691 343 877 387; x_wconf 87' lang='lat' dir='ltr'>hujusmodi</span> <span class='ocrx_word' id='word_1_8' title='bbox 907 344 1042 376; x_wconf 88' lang='lat' dir='ltr'>vulnera</span> <span class='ocrx_word' id='word_1_9' title='bbox 1067 344 1247 377; x_wconf 83' lang='lat' dir='ltr'>absolutum</span> <span class='ocrx_word' id='word_1_10' title='bbox 1274 347 1398 379; x_wconf 86' lang='lat' dir='ltr'>lethum</span> 
     </span>
     <span class='ocr_line' id='line_1_3' title="bbox 59 397 1401 442; baseline 0.002 -12"><span class='ocrx_word' id='word_1_11' title='bbox 59 404 131 442; x_wconf 88' lang='lat' dir='ltr'>post</span> <span class='ocrx_word' id='word_1_12' title='bbox 151 410 184 430; x_wconf 91' lang='lat' dir='ltr'>se</span> <span class='ocrx_word' id='word_1_13' title='bbox 202 399 347 430; x_wconf 85' lang='lat' dir='ltr'>trahere:</span> <span class='ocrx_word' id='word_1_14' title='bbox 373 398 506 441; x_wconf 88' lang='lat' dir='ltr'>haecque</span> <span class='ocrx_word' id='word_1_15' title='bbox 529 398 639 429; x_wconf 88' lang='lat' dir='ltr'>mortis</span> <span class='ocrx_word' id='word_1_16' title='bbox 663 397 831 428; x_wconf 81' lang='lat' dir='ltr'>necessitas</span> <span class='ocrx_word' id='word_1_17' title='bbox 855 397 945 429; x_wconf 66' lang='lat' dir='ltr'>nulla</span> <span class='ocrx_word' id='word_1_18' title='bbox 967 404 1034 429; x_wconf 86' lang='lat' dir='ltr'>arte</span> <span class='ocrx_word' id='word_1_19' title='bbox 1057 400 1157 430; x_wconf 84' lang='lat' dir='ltr'>arceri</span> <span class='ocrx_word' id='word_1_20' title='bbox 1181 406 1300 442; x_wconf 74' lang='lat' dir='ltr'>potest,</span> <span class='ocrx_word' id='word_1_21' title='bbox 1326 413 1401 433; x_wconf 88' lang='lat' dir='ltr'>nam</span> 
     </span>
     <span class='ocr_line' id='line_1_4' title="bbox 60 451 1402 497; baseline 0.001 -12"><span class='ocrx_word' id='word_1_22' title='bbox 60 453 138 485; x_wconf 89' lang='lat' dir='ltr'>adeo</span> <span class='ocrx_word' id='word_1_23' title='bbox 165 453 327 496; x_wconf 85' lang='lat' dir='ltr'><strong>profunde</strong></span> <span class='ocrx_word' id='word_1_24' title='bbox 354 453 388 484; x_wconf 86' lang='lat' dir='ltr'>in</span> <span class='ocrx_word' id='word_1_25' title='bbox 414 458 544 495; x_wconf 85' lang='lat' dir='ltr'>pectore</span> <span class='ocrx_word' id='word_1_26' title='bbox 564 451 693 483; x_wconf 84' lang='lat' dir='ltr'>trachea</span> <span class='ocrx_word' id='word_1_27' title='bbox 718 452 777 483; x_wconf 85' lang='lat' dir='ltr'>sita</span> <span class='ocrx_word' id='word_1_28' title='bbox 801 457 864 492; x_wconf 83' lang='lat' dir='ltr'>est,</span> <span class='ocrx_word' id='word_1_29' title='bbox 896 458 934 484; x_wconf 87' lang='lat' dir='ltr'>ut</span> <span class='ocrx_word' id='word_1_30' title='bbox 955 452 1079 484; x_wconf 91' lang='lat' dir='ltr'>nullam</span> <span class='ocrx_word' id='word_1_31' title='bbox 1100 453 1298 497; x_wconf 81' lang='lat' dir='ltr'>chirurgiam</span> <span class='ocrx_word' id='word_1_32' title='bbox 1325 456 1402 486; x_wconf 88' lang='lat' dir='ltr'>nul-</span> 
     </span>
     <span class='ocr_line' id='line_1_5' title="bbox 59 505 1403 550; baseline 0.002 -13"><span class='ocrx_word' id='word_1_33' title='bbox 59 506 166 539; x_wconf 91' lang='lat' dir='ltr'>lamve</span> <span class='ocrx_word' id='word_1_34' title='bbox 194 507 439 538; x_wconf 76' lang='lat' dir='ltr'>medicationem</span> <span class='ocrx_word' id='word_1_35' title='bbox 465 505 613 537; x_wconf 82' lang='lat' dir='ltr'>admittat</span> <span class='ocrx_word' id='word_1_36' title='bbox 634 506 693 549; x_wconf 89' lang='lat'>(1).</span> <span class='ocrx_word' id='word_1_37' title='bbox 727 506 803 537; x_wconf 85' lang='lat' dir='ltr'>Haec</span> <span class='ocrx_word' id='word_1_38' title='bbox 830 507 936 537; x_wconf 86' lang='lat' dir='ltr'>omnia</span> <span class='ocrx_word' id='word_1_39' title='bbox 962 518 1065 550; x_wconf 89' lang='lat' dir='ltr'>quum</span> <span class='ocrx_word' id='word_1_40' title='bbox 1090 508 1133 538; x_wconf 88' lang='lat' dir='ltr'>ita</span> <span class='ocrx_word' id='word_1_41' title='bbox 1158 509 1239 548; x_wconf 80' lang='lat' dir='ltr'>sint,</span> <span class='ocrx_word' id='word_1_42' title='bbox 1269 509 1403 540; x_wconf 89' lang='lat' dir='ltr'>minime</span> 
     </span>
     <span class='ocr_line' id='line_1_6' title="bbox 60 559 1403 605; baseline 0.002 -14"><span class='ocrx_word' id='word_1_43' title='bbox 60 559 246 591; x_wconf 85' lang='lat' dir='ltr'>dubitamus</span> <span class='ocrx_word' id='word_1_44' title='bbox 263 565 403 596; x_wconf 76' lang='lat' dir='ltr'>statuere</span> <span class='ocrx_word' id='word_1_45' title='bbox 424 571 499 591; x_wconf 75' lang='lat' dir='ltr'>eum</span> <span class='ocrx_word' id='word_1_46' title='bbox 514 560 692 603; x_wconf 83' lang='lat' dir='ltr'>Hoogvlied</span> <span class='ocrx_word' id='word_1_47' title='bbox 711 560 775 603; x_wconf 80' lang='lat'>(2):</span> <span class='ocrx_word' id='word_1_48' title='bbox 797 561 903 592; x_wconf 89' lang='lat' dir='ltr'>omnia</span> <span class='ocrx_word' id='word_1_49' title='bbox 920 560 1071 601; x_wconf 81' lang='lat' dir='ltr'>vulnera,</span> <span class='ocrx_word' id='word_1_50' title='bbox 1089 573 1160 604; x_wconf 83' lang='lat' dir='ltr'>quae</span> <span class='ocrx_word' id='word_1_51' title='bbox 1180 568 1304 604; x_wconf 86' lang='lat' dir='ltr'>partem</span> <span class='ocrx_word' id='word_1_52' title='bbox 1324 574 1403 605; x_wconf 89' lang='lat' dir='ltr'>pec—</span> 
     </span>
     <span class='ocr_line' id='line_1_7' title="bbox 59 613 1402 659; baseline 0.003 -15"><span class='ocrx_word' id='word_1_53' title='bbox 59 613 192 645; x_wconf 79' lang='lat' dir='ltr'>toralem</span> <span class='ocrx_word' id='word_1_54' title='bbox 213 624 332 656; x_wconf 87' lang='lat' dir='ltr'>asperae</span> <span class='ocrx_word' id='word_1_55' title='bbox 351 615 476 646; x_wconf 84' lang='lat' dir='ltr'>arteriae</span> <span class='ocrx_word' id='word_1_56' title='bbox 496 619 621 654; x_wconf 84' lang='lat' dir='ltr'>secant,</span> <span class='ocrx_word' id='word_1_57' title='bbox 643 613 826 646; x_wconf 82' lang='lat' dir='ltr'>absolutum</span> <span class='ocrx_word' id='word_1_58' title='bbox 850 620 883 646; x_wconf 86' lang='lat' dir='ltr'>et</span> <span class='ocrx_word' id='word_1_59' title='bbox 907 614 1005 646; x_wconf 90' lang='lat' dir='ltr'>nullis</span> <span class='ocrx_word' id='word_1_60' title='bbox 1030 615 1143 646; x_wconf 89' lang='lat' dir='ltr'>mediis</span> <span class='ocrx_word' id='word_1_61' title='bbox 1163 616 1402 659; x_wconf 80' lang='lat' dir='ltr'>aufugiendum</span> 
     </span>
     <span class='ocr_line' id='line_1_8' title="bbox 58 666 396 710; baseline 0.003 -12"><span class='ocrx_word' id='word_1_62' title='bbox 58 666 185 698; x_wconf 88' lang='lat' dir='ltr'>lethum</span> <span class='ocrx_word' id='word_1_63' title='bbox 211 679 396 710; x_wconf 88' lang='lat' dir='ltr'>provocare.</span> 
     </span>
    </p>

    <p class='ocr_par' dir='ltr' id='par_1_3' title="bbox 57 721 1405 1197">
     <span class='ocr_line' id='line_1_9' title="bbox 103 721 1402 764; baseline 0.002 -11"><span class='ocrx_word' id='word_1_64' title='bbox 103 721 217 760; x_wconf 89' lang='lat' dir='ltr'>Quum</span> <span class='ocrx_word' id='word_1_65' title='bbox 239 721 278 753; x_wconf 91' lang='lat' dir='ltr'>de</span> <span class='ocrx_word' id='word_1_66' title='bbox 298 721 507 764; x_wconf 77' lang='lat' dir='ltr'>pulmonibus</span> <span class='ocrx_word' id='word_1_67' title='bbox 527 721 627 753; x_wconf 87' lang='lat' dir='ltr'>locuti</span> <span class='ocrx_word' id='word_1_68' title='bbox 649 732 780 761; x_wconf 89' lang='lat' dir='ltr'>sumus,</span> <span class='ocrx_word' id='word_1_69' title='bbox 802 721 1008 764; x_wconf 87' lang='lat' dir='ltr'>probavimus</span> <span class='ocrx_word' id='word_1_70' title='bbox 1031 723 1241 754; x_wconf 85' lang='lat' dir='ltr'>necessariam</span> <span class='ocrx_word' id='word_1_71' title='bbox 1267 730 1402 756; x_wconf 84' lang='lat' dir='ltr'>mortem</span> 
     </span>
     <span class='ocr_line' id='line_1_10' title="bbox 57 775 1404 821; baseline 0.001 -14"><span class='ocrx_word' id='word_1_72' title='bbox 57 776 219 818; x_wconf 88' lang='lat' dir='ltr'>profluere</span> <span class='ocrx_word' id='word_1_73' title='bbox 240 788 258 808; x_wconf 95' lang='lat' dir='ltr'>e</span> <span class='ocrx_word' id='word_1_74' title='bbox 280 776 415 809; x_wconf 86' lang='lat' dir='ltr'>vulnere</span> <span class='ocrx_word' id='word_1_75' title='bbox 440 776 546 819; x_wconf 81' lang='lat' dir='ltr'>quod,</span> <span class='ocrx_word' id='word_1_76' title='bbox 573 786 674 818; x_wconf 84' lang='lat' dir='ltr'>prope</span> <span class='ocrx_word' id='word_1_77' title='bbox 697 775 814 807; x_wconf 87' lang='lat' dir='ltr'>horum</span> <span class='ocrx_word' id='word_1_78' title='bbox 842 786 1035 818; x_wconf 77' lang='lat' dir='ltr'>organorum</span> <span class='ocrx_word' id='word_1_79' title='bbox 1061 775 1199 816; x_wconf 79' lang='lat' dir='ltr'>radices,</span> <span class='ocrx_word' id='word_1_80' title='bbox 1221 788 1275 809; x_wconf 83' lang='lat' dir='ltr'>vas</span> <span class='ocrx_word' id='word_1_81' title='bbox 1301 777 1404 821; x_wconf 85' lang='lat' dir='ltr'>majus</span> 
     </span>
     <span class='ocr_line' id='line_1_11' title="bbox 57 829 1402 874; baseline 0 -11"><span class='ocrx_word' id='word_1_82' title='bbox 57 831 296 874; x_wconf 85' lang='lat' dir='ltr'>sanguiferum‚</span> <span class='ocrx_word' id='word_1_83' title='bbox 319 835 376 861; x_wconf 88' lang='lat' dir='ltr'>aut</span> <span class='ocrx_word' id='word_1_84' title='bbox 395 829 530 861; x_wconf 86' lang='lat' dir='ltr'>ductum</span> <span class='ocrx_word' id='word_1_85' title='bbox 551 829 725 873; x_wconf 76' lang='lat' dir='ltr'>quemdam</span> <span class='ocrx_word' id='word_1_86' title='bbox 746 829 962 874; x_wconf 88' lang='lat' dir='ltr'>majusculum</span> <span class='ocrx_word' id='word_1_87' title='bbox 978 832 1085 861; x_wconf 71' lang='lat' dir='ltr'>aerem</span> <span class='ocrx_word' id='word_1_88' title='bbox 1105 830 1279 863; x_wconf 88' lang='lat' dir='ltr'>ducentem</span> <span class='ocrx_word' id='word_1_89' title='bbox 1301 839 1402 873; x_wconf 80' lang='lat' dir='ltr'>secat3</span> 
     </span>
     <span class='ocr_line' id='line_1_12' title="bbox 59 883 1405 929; baseline 0 -12"><span class='ocrx_word' id='word_1_90' title='bbox 59 885 212 929; x_wconf 88' lang='lat' dir='ltr'>quoniam</span> <span class='ocrx_word' id='word_1_91' title='bbox 235 890 315 915; x_wconf 88' lang='lat' dir='ltr'>tunc</span> <span class='ocrx_word' id='word_1_92' title='bbox 338 883 390 916; x_wconf 87' lang='lat' dir='ltr'>vel</span> <span class='ocrx_word' id='word_1_93' title='bbox 408 885 462 914; x_wconf 78' lang='lat' dir='ltr'>ae&#39;r</span> <span class='ocrx_word' id='word_1_94' title='bbox 481 883 534 916; x_wconf 87' lang='lat' dir='ltr'>vel</span> <span class='ocrx_word' id='word_1_95' title='bbox 555 884 684 927; x_wconf 85' lang='lat' dir='ltr'>sanguis</span> <span class='ocrx_word' id='word_1_96' title='bbox 704 883 901 915; x_wconf 85' lang='lat' dir='ltr'>incoercibili</span> <span class='ocrx_word' id='word_1_97' title='bbox 921 884 1080 927; x_wconf 84' lang='lat' dir='ltr'>profluvio</span> <span class='ocrx_word' id='word_1_98' title='bbox 1099 885 1260 928; x_wconf 89' lang='lat' dir='ltr'>pectorale</span> <span class='ocrx_word' id='word_1_99' title='bbox 1287 897 1405 919; x_wconf 86' lang='lat' dir='ltr'>cavum</span> 
     </span>
     <span class='ocr_line' id='line_1_13' title="bbox 59 938 1403 983; baseline -0.001 -12"><span class='ocrx_word' id='word_1_100' title='bbox 59 939 240 983; x_wconf 82' lang='lat' dir='ltr'>ingreditur</span> <span class='ocrx_word' id='word_1_101' title='bbox 257 944 288 970; x_wconf 89' lang='lat' dir='ltr'>et</span> <span class='ocrx_word' id='word_1_102' title='bbox 305 938 416 970; x_wconf 87' lang='lat' dir='ltr'>mortis</span> <span class='ocrx_word' id='word_1_103' title='bbox 430 938 474 969; x_wconf 88' lang='lat' dir='ltr'>sic</span> <span class='ocrx_word' id='word_1_104' title='bbox 486 938 679 970; x_wconf 88' lang='lat' dir='ltr'>inevitabilis</span> <span class='ocrx_word' id='word_1_105' title='bbox 698 950 791 970; x_wconf 87' lang='lat' dir='ltr'>causa</span> <span class='ocrx_word' id='word_1_106' title='bbox 807 938 930 978; x_wconf 77' lang='lat' dir='ltr'>evadit3</span> <span class='ocrx_word' id='word_1_107' title='bbox 947 939 973 969; x_wconf 90' lang='lat' dir='ltr'>si</span> <span class='ocrx_word' id='word_1_108' title='bbox 988 944 1097 970; x_wconf 88' lang='lat' dir='ltr'>autem</span> <span class='ocrx_word' id='word_1_109' title='bbox 1113 938 1195 970; x_wconf 91' lang='lat' dir='ltr'>illud</span> <span class='ocrx_word' id='word_1_110' title='bbox 1210 950 1323 971; x_wconf 87' lang='lat' dir='ltr'>verum</span> <span class='ocrx_word' id='word_1_111' title='bbox 1339 946 1403 979; x_wconf 74' lang='lat' dir='ltr'>est,</span> 
     </span>
     <span class='ocr_line' id='line_1_14' title="bbox 57 984 1403 1037; baseline -0.001 -12"><span class='ocrx_word' id='word_1_112' title='bbox 57 1004 227 1037; x_wconf 88' lang='lat' dir='ltr'>possumus</span> <span class='ocrx_word' id='word_1_113' title='bbox 254 1005 272 1024; x_wconf 88' lang='lat' dir='ltr'>a</span> <span class='ocrx_word' id='word_1_114' title='bbox 301 992 425 1023; x_wconf 87' lang='lat' dir='ltr'>fortiori</span> <span class='ocrx_word' id='word_1_115' title='bbox 451 991 614 1024; x_wconf 84' lang='lat' dir='ltr'>declarare</span> <span class='ocrx_word' id='word_1_116' title='bbox 642 1004 753 1024; x_wconf 89' lang='lat' dir='ltr'>omnes</span> <span class='ocrx_word' id='word_1_117' title='bbox 779 992 940 1032; x_wconf 82' lang='lat' dir='ltr'>laesiones,</span> <span class='ocrx_word' id='word_1_118' title='bbox 976 1004 1048 1035; x_wconf 86' lang='lat' dir='ltr'>quae</span> <span class='ocrx_word' id='word_1_119' title='bbox 1067 984 1269 1025; x_wconf 41' lang='lat' dir='ltr'>&#39;hronchium</span> <span class='ocrx_word' id='word_1_120' title='bbox 1298 1005 1403 1025; x_wconf 90' lang='lat' dir='ltr'>unum</span> 
     </span>
     <span class='ocr_line' id='line_1_15' title="bbox 60 1045 1403 1090; baseline 0.001 -12"><span class='ocrx_word' id='word_1_121' title='bbox 60 1047 206 1087; x_wconf 82' lang='lat' dir='ltr'>aliudve,</span> <span class='ocrx_word' id='word_1_122' title='bbox 231 1058 247 1078; x_wconf 86' lang='lat' dir='ltr'>a</span> <span class='ocrx_word' id='word_1_123' title='bbox 265 1045 383 1088; x_wconf 87' lang='lat' dir='ltr'>quibus</span> <span class='ocrx_word' id='word_1_124' title='bbox 404 1047 510 1077; x_wconf 88' lang='lat' dir='ltr'>omnia</span> <span class='ocrx_word' id='word_1_125' title='bbox 532 1058 604 1079; x_wconf 87' lang='lat' dir='ltr'>vasa</span> <span class='ocrx_word' id='word_1_126' title='bbox 627 1046 764 1078; x_wconf 75' lang='lat' dir='ltr'>aerifera</span> <span class='ocrx_word' id='word_1_127' title='bbox 785 1047 1049 1089; x_wconf 86' lang='lat' dir='ltr'>proficiscuntur,</span> <span class='ocrx_word' id='word_1_128' title='bbox 1071 1047 1239 1090; x_wconf 80' lang='lat' dir='ltr'>aperiunt,</span> <span class='ocrx_word' id='word_1_129' title='bbox 1260 1046 1403 1079; x_wconf 88' lang='lat' dir='ltr'>absolute</span> 
     </span>
     <span class='ocr_line' id='line_1_16' title="bbox 60 1099 1403 1145; baseline 0.001 -13"><span class='ocrx_word' id='word_1_130' title='bbox 60 1100 226 1132; x_wconf 86' lang='lat' dir='ltr'>lethiferas</span> <span class='ocrx_word' id='word_1_131' title='bbox 242 1111 324 1139; x_wconf 85' lang='lat' dir='ltr'>esse,</span> <span class='ocrx_word' id='word_1_132' title='bbox 343 1105 375 1131; x_wconf 90' lang='lat' dir='ltr'>et</span> <span class='ocrx_word' id='word_1_133' title='bbox 390 1099 531 1141; x_wconf 82' lang='lat' dir='ltr'>nullam,</span> <span class='ocrx_word' id='word_1_134' title='bbox 553 1106 684 1145; x_wconf 87' lang='lat' dir='ltr'>propter</span> <span class='ocrx_word' id='word_1_135' title='bbox 702 1101 845 1145; x_wconf 86' lang='lat' dir='ltr'>ipsorum</span> <span class='ocrx_word' id='word_1_136' title='bbox 869 1101 1139 1145; x_wconf 81' lang='lat' dir='ltr'>profunditatem,</span> <span class='ocrx_word' id='word_1_137' title='bbox 1159 1102 1234 1144; x_wconf 90' lang='lat' dir='ltr'>ipsis</span> <span class='ocrx_word' id='word_1_138' title='bbox 1250 1102 1403 1145; x_wconf 86' lang='lat' dir='ltr'>applicari</span> 
     </span>
     <span class='ocr_line' id='line_1_17' title="bbox 58 1155 375 1197; baseline -0.003 -11"><span class='ocrx_word' id='word_1_139' title='bbox 58 1155 254 1186; x_wconf 83' lang='lat' dir='ltr'>medicinam</span> <span class='ocrx_word' id='word_1_140' title='bbox 275 1165 375 1197; x_wconf 87' lang='lat' dir='ltr'>posse.</span> 
     </span>
    </p>
   </div>
   <div class='ocr_carea' id='block_1_3' title="bbox 530 1287 925 1320">
    <p class='ocr_par' dir='ltr' id='par_1_4' title="bbox 530 1287 925 1320">
     <span class='ocr_line' id='line_1_18' title="bbox 530 1287 925 1320; baseline 0.003 -1"><span class='ocrx_word' id='word_1_141' title='bbox 530 1287 660 1320; x_wconf 86' lang='lat' dir='ltr'><strong>PARS</strong></span> <span class='ocrx_word' id='word_1_142' title='bbox 710 1287 925 1320; x_wconf 91' lang='lat' dir='ltr'><strong>TERTIA.</strong></span> 
     </span>
    </p>
   </div>
   <div class='ocr_carea' id='block_1_4' title="bbox 97 1379 1360 1405">
    <p class='ocr_par' dir='ltr' id='par_1_5' title="bbox 97 1379 1360 1405">
     <span class='ocr_line' id='line_1_19' title="bbox 97 1379 1360 1405; baseline 0 -2"><span class='ocrx_word' id='word_1_143' title='bbox 97 1379 142 1403; x_wconf 90' lang='lat' dir='ltr'>DE</span> <span class='ocrx_word' id='word_1_144' title='bbox 174 1379 387 1404; x_wconf 83' lang='lat' dir='ltr'>VULNERIBUS</span> <span class='ocrx_word' id='word_1_145' title='bbox 417 1379 631 1404; x_wconf 85' lang='lat' dir='ltr'>CAETERORUM</span> <span class='ocrx_word' id='word_1_146' title='bbox 662 1379 878 1405; x_wconf 86' lang='lat' dir='ltr'><strong>ORGANORUM</strong></span> <span class='ocrx_word' id='word_1_147' title='bbox 909 1379 1067 1404; x_wconf 88' lang='lat' dir='ltr'>THORACE</span> <span class='ocrx_word' id='word_1_148' title='bbox 1098 1380 1360 1405; x_wconf 78' lang='lat' dir='ltr'><strong>CONTENTORUM.</strong></span> 
     </span>
    </p>
   </div>
   <div class='ocr_carea' id='block_1_5' title="bbox 369 1482 1088 1526">
    <p class='ocr_par' dir='ltr' id='par_1_6' title="bbox 369 1482 1088 1526">
     <span class='ocr_line' id='line_1_20' title="bbox 369 1482 1088 1526; baseline 0 -12"><span class='ocrx_word' id='word_1_149' title='bbox 369 1482 393 1526; x_wconf 63' lang='lat' dir='ltr'>g</span> <span class='ocrx_word' id='word_1_150' title='bbox 429 1482 485 1514; x_wconf 90' lang='lat' dir='ltr'>VI.</span> <span class='ocrx_word' id='word_1_151' title='bbox 538 1494 580 1514; x_wconf 63' lang='lat' dir='ltr'>ni:</span> <span class='ocrx_word' id='word_1_152' title='bbox 625 1492 814 1514; x_wconf 72' lang='grc' dir='ltr'>οΕεοΡΗΛοι</span> <span class='ocrx_word' id='word_1_153' title='bbox 859 1494 1088 1514; x_wconf 69' lang='lat' dir='ltr'>vnwmunns.</span> 
     </span>
    </p>
   </div>
   <div class='ocr_carea' id='block_1_6' title="bbox 57 1578 1404 1894">
    <p class='ocr_par' dir='ltr' id='par_1_7' title="bbox 57 1578 1404 1894">
     <span class='ocr_line' id='line_1_21' title="bbox 102 1578 1404 1624; baseline -0.002 -11"><span class='ocrx_word' id='word_1_154' title='bbox 102 1581 136 1613; x_wconf 90' lang='lat' dir='ltr'>Si</span> <span class='ocrx_word' id='word_1_155' title='bbox 160 1581 306 1614; x_wconf 88' lang='lat' dir='ltr'>animum</span> <span class='ocrx_word' id='word_1_156' title='bbox 332 1580 529 1614; x_wconf 84' lang='lat' dir='ltr'>advertimus</span> <span class='ocrx_word' id='word_1_157' title='bbox 554 1580 594 1612; x_wconf 90' lang='lat' dir='ltr'>ad</span> <span class='ocrx_word' id='word_1_158' title='bbox 620 1579 875 1624; x_wconf 86' lang='lat' dir='ltr'>profunditatem</span> <span class='ocrx_word' id='word_1_159' title='bbox 901 1580 936 1611; x_wconf 89' lang='lat' dir='ltr'>in</span> <span class='ocrx_word' id='word_1_160' title='bbox 959 1578 1024 1623; x_wconf 68' lang='lat' dir='ltr'>qua</span> <span class='ocrx_word' id='word_1_161' title='bbox 1051 1578 1273 1619; x_wconf 88' lang='lat' dir='ltr'>absconditur,</span> <span class='ocrx_word' id='word_1_162' title='bbox 1303 1585 1337 1611; x_wconf 87' lang='lat' dir='ltr'>et</span> <span class='ocrx_word' id='word_1_163' title='bbox 1363 1579 1404 1610; x_wconf 89' lang='lat' dir='ltr'>ad</span> 
     </span>
     <span class='ocr_line' id='line_1_22' title="bbox 58 1633 1403 1678; baseline -0.001 -12"><span class='ocrx_word' id='word_1_164' title='bbox 58 1635 145 1667; x_wconf 86' lang='lat' dir='ltr'>varia</span> <span class='ocrx_word' id='word_1_165' title='bbox 161 1646 295 1678; x_wconf 83' lang='lat' dir='ltr'>organa,</span> <span class='ocrx_word' id='word_1_166' title='bbox 319 1634 514 1678; x_wconf 86' lang='lat' dir='ltr'>quibuscum</span> <span class='ocrx_word' id='word_1_167' title='bbox 529 1634 582 1667; x_wconf 84' lang='lat' dir='ltr'>vel</span> <span class='ocrx_word' id='word_1_168' title='bbox 597 1634 631 1666; x_wconf 90' lang='lat' dir='ltr'>in</span> <span class='ocrx_word' id='word_1_169' title='bbox 646 1635 761 1666; x_wconf 87' lang='lat' dir='ltr'>intimo</span> <span class='ocrx_word' id='word_1_170' title='bbox 776 1646 865 1666; x_wconf 80' lang='lat' dir='ltr'>nexu</span> <span class='ocrx_word' id='word_1_171' title='bbox 885 1635 1034 1678; x_wconf 81' lang='lat' dir='ltr'>ponitur,</span> <span class='ocrx_word' id='word_1_172' title='bbox 1056 1634 1109 1667; x_wconf 84' lang='lat' dir='ltr'>vel</span> <span class='ocrx_word' id='word_1_173' title='bbox 1127 1645 1145 1665; x_wconf 87' lang='lat' dir='ltr'>a</span> <span class='ocrx_word' id='word_1_174' title='bbox 1161 1633 1279 1677; x_wconf 88' lang='lat' dir='ltr'>quibus</span> <span class='ocrx_word' id='word_1_175' title='bbox 1295 1633 1403 1665; x_wconf 87' lang='lat' dir='ltr'>unde-</span> 
     </span>
     <span class='ocr_line' id='line_1_23' title="bbox 58 1687 1402 1733; baseline -0.002 -12"><span class='ocrx_word' id='word_1_176' title='bbox 58 1700 188 1733; x_wconf 90' lang='lat' dir='ltr'>quaque</span> <span class='ocrx_word' id='word_1_177' title='bbox 203 1689 423 1721; x_wconf 81' lang='lat' dir='ltr'>circumdatur</span> <span class='ocrx_word' id='word_1_178' title='bbox 446 1688 673 1732; x_wconf 87' lang='lat' dir='ltr'>OEsophagus‚</span> <span class='ocrx_word' id='word_1_179' title='bbox 698 1688 770 1731; x_wconf 85' lang='lat' dir='ltr'>(uti</span> <span class='ocrx_word' id='word_1_180' title='bbox 790 1688 824 1721; x_wconf 90' lang='lat' dir='ltr'>id</span> <span class='ocrx_word' id='word_1_181' title='bbox 843 1689 878 1720; x_wconf 89' lang='lat' dir='ltr'>in</span> <span class='ocrx_word' id='word_1_182' title='bbox 896 1687 1074 1721; x_wconf 65' lang='lat' dir='ltr'>anatomica</span> <span class='ocrx_word' id='word_1_183' title='bbox 1092 1693 1183 1731; x_wconf 82' lang='lat' dir='ltr'>parte</span> <span class='ocrx_word' id='word_1_184' title='bbox 1201 1687 1402 1719; x_wconf 81' lang='lat' dir='ltr'>demonstra-</span> 
     </span>
     <span class='ocr_line' id='line_1_24' title="bbox 58 1741 1402 1786; baseline -0.001 -12"><span class='ocrx_word' id='word_1_185' title='bbox 58 1742 200 1785; x_wconf 84' lang='lat' dir='ltr'>vimus‚)</span> <span class='ocrx_word' id='word_1_186' title='bbox 225 1742 274 1786; x_wconf 84' lang='lat'>(3)</span> <span class='ocrx_word' id='word_1_187' title='bbox 294 1744 348 1775; x_wconf 77' lang='lat' dir='ltr'>vix</span> <span class='ocrx_word' id='word_1_188' title='bbox 366 1742 456 1774; x_wconf 90' lang='lat' dir='ltr'>nobis</span> <span class='ocrx_word' id='word_1_189' title='bbox 475 1753 643 1786; x_wconf 89' lang='lat' dir='ltr'>possumus</span> <span class='ocrx_word' id='word_1_190' title='bbox 664 1743 786 1786; x_wconf 83' lang='lat' dir='ltr'>fingere</span> <span class='ocrx_word' id='word_1_191' title='bbox 807 1743 927 1776; x_wconf 88' lang='lat' dir='ltr'>vulnus</span> <span class='ocrx_word' id='word_1_192' title='bbox 941 1741 1171 1786; x_wconf 88' lang='lat' dir='ltr'>quodcumque</span> <span class='ocrx_word' id='word_1_193' title='bbox 1190 1741 1269 1773; x_wconf 88' lang='lat' dir='ltr'>huic</span> <span class='ocrx_word' id='word_1_194' title='bbox 1284 1753 1402 1784; x_wconf 81' lang='lat' dir='ltr'>organo</span> 
     </span>
     <span class='ocr_line' id='line_1_25' title="bbox 57 1794 1402 1841; baseline -0.001 -13"><span class='ocrx_word' id='word_1_195' title='bbox 57 1796 160 1840; x_wconf 84' lang='lat' dir='ltr'>infligi</span> <span class='ocrx_word' id='word_1_196' title='bbox 180 1808 287 1840; x_wconf 78' lang='lat' dir='ltr'>posse,</span> <span class='ocrx_word' id='word_1_197' title='bbox 313 1798 394 1840; x_wconf 90' lang='lat' dir='ltr'>quin</span> <span class='ocrx_word' id='word_1_198' title='bbox 415 1798 504 1841; x_wconf 89' lang='lat' dir='ltr'>prius</span> <span class='ocrx_word' id='word_1_199' title='bbox 530 1803 562 1828; x_wconf 92' lang='lat' dir='ltr'>et</span> <span class='ocrx_word' id='word_1_200' title='bbox 587 1797 739 1841; x_wconf 85' lang='lat' dir='ltr'>primarie</span> <span class='ocrx_word' id='word_1_201' title='bbox 760 1797 812 1831; x_wconf 87' lang='lat' dir='ltr'>vel</span> <span class='ocrx_word' id='word_1_202' title='bbox 836 1809 906 1837; x_wconf 89' lang='lat' dir='ltr'>cor,</span> <span class='ocrx_word' id='word_1_203' title='bbox 931 1796 984 1830; x_wconf 89' lang='lat' dir='ltr'>vel</span> <span class='ocrx_word' id='word_1_204' title='bbox 1007 1795 1177 1839; x_wconf 90' lang='lat' dir='ltr'>pulmones</span> <span class='ocrx_word' id='word_1_205' title='bbox 1200 1794 1252 1827; x_wconf 89' lang='lat' dir='ltr'>vel</span> <span class='ocrx_word' id='word_1_206' title='bbox 1273 1795 1402 1826; x_wconf 88' lang='lat' dir='ltr'>trachea</span> 
     </span>
     <span class='ocr_line' id='line_1_26' title="bbox 59 1848 1403 1894; baseline -0.003 -11"><span class='ocrx_word' id='word_1_207' title='bbox 59 1851 174 1883; x_wconf 87' lang='lat' dir='ltr'>arteria</span> <span class='ocrx_word' id='word_1_208' title='bbox 195 1850 354 1882; x_wconf 82' lang='lat' dir='ltr'>laedantur</span> <span class='ocrx_word' id='word_1_209' title='bbox 374 1851 432 1894; x_wconf 75' lang='grc'>(4).</span> <span class='ocrx_word' id='word_1_210' title='bbox 459 1851 611 1883; x_wconf 86' lang='lat' dir='ltr'>Attamen</span> <span class='ocrx_word' id='word_1_211' title='bbox 631 1852 656 1883; x_wconf 90' lang='lat' dir='ltr'>si</span> <span class='ocrx_word' id='word_1_212' title='bbox 678 1852 931 1884; x_wconf 84' lang='lat' dir='ltr'>instrumentum</span> <span class='ocrx_word' id='word_1_213' title='bbox 951 1852 1173 1882; x_wconf 81' lang='lat' dir='ltr'>acuminatum</span> <span class='ocrx_word' id='word_1_214' title='bbox 1191 1854 1289 1891; x_wconf 86' lang='lat' dir='ltr'>atque</span> <span class='ocrx_word' id='word_1_215' title='bbox 1315 1848 1403 1880; x_wconf 88' lang='lat' dir='ltr'>haud</span> 
     </span>
    </p>
   </div>
   <div class='ocr_carea' id='block_1_7' title="bbox 120 1965 1155 2117">
    <p class='ocr_par' dir='ltr' id='par_1_8' title="bbox 120 1965 686 1997">
     <span class='ocr_line' id='line_1_27' title="bbox 120 1965 686 1997; baseline 0.002 -9"><span class='ocrx_word' id='word_1_216' title='bbox 120 1966 153 1996; x_wconf 84' lang='grc' dir='ltr'>(ι)</span> <span class='ocrx_word' id='word_1_217' title='bbox 172 1965 321 1996; x_wconf 79' lang='lat' dir='ltr'>Hoogvlied,</span> <span class='ocrx_word' id='word_1_218' title='bbox 342 1965 446 1997; x_wconf 79' lang='lat' dir='ltr'>gerecht.</span> <span class='ocrx_word' id='word_1_219' title='bbox 465 1965 541 1996; x_wconf 80' lang='lat' dir='ltr'>heel.²</span> <span class='ocrx_word' id='word_1_220' title='bbox 560 1973 616 1997; x_wconf 83' lang='lat' dir='ltr'>pag.</span> <span class='ocrx_word' id='word_1_221' title='bbox 632 1966 686 1989; x_wconf 81' lang='lat'><strong>266.</strong></span> 
     </span>
    </p>

    <p class='ocr_par' dir='ltr' id='par_1_9' title="bbox 120 2005 237 2036">
     <span class='ocr_line' id='line_1_28' title="bbox 120 2005 237 2036; baseline -0.009 -7"><span class='ocrx_word' id='word_1_222' title='bbox 120 2007 153 2036; x_wconf 86' lang='lat'>(2)</span> <span class='ocrx_word' id='word_1_223' title='bbox 173 2005 237 2029; x_wconf 86' lang='lat' dir='ltr'>lbid.</span> 
     </span>
    </p>

    <p class='ocr_par' dir='ltr' id='par_1_10' title="bbox 120 2045 610 2077">
     <span class='ocr_line' id='line_1_29' title="bbox 120 2045 610 2077; baseline 0 -9"><span class='ocrx_word' id='word_1_224' title='bbox 120 2046 153 2077; x_wconf 82' lang='lat'>(3)</span> <span class='ocrx_word' id='word_1_225' title='bbox 171 2045 291 2069; x_wconf 88' lang='lat' dir='ltr'>Videatur</span> <span class='ocrx_word' id='word_1_226' title='bbox 308 2053 363 2076; x_wconf 84' lang='lat' dir='ltr'>pag.</span> <span class='ocrx_word' id='word_1_227' title='bbox 382 2045 457 2076; x_wconf 87' lang='lat' dir='ltr'>hujus</span> <span class='ocrx_word' id='word_1_228' title='bbox 474 2046 553 2076; x_wconf 83' lang='lat' dir='ltr'>operis</span> <span class='ocrx_word' id='word_1_229' title='bbox 570 2045 610 2069; x_wconf 78' lang='lat'>54.</span> 
     </span>
    </p>

    <p class='ocr_par' dir='ltr' id='par_1_11' title="bbox 120 2083 1155 2117">
     <span class='ocr_line' id='line_1_30' title="bbox 120 2083 1155 2117; baseline -0.003 -8"><span class='ocrx_word' id='word_1_230' title='bbox 120 2086 152 2116; x_wconf 85' lang='lat'>(4)</span> <span class='ocrx_word' id='word_1_231' title='bbox 171 2086 263 2116; x_wconf 82' lang='lat' dir='ltr'>Boyer,</span> <span class='ocrx_word' id='word_1_232' title='bbox 282 2085 300 2109; x_wconf 88' lang='lat'>1.</span> <span class='ocrx_word' id='word_1_233' title='bbox 315 2085 348 2115; x_wconf 84' lang='lat' dir='ltr'>l.‚</span> <span class='ocrx_word' id='word_1_234' title='bbox 367 2089 427 2109; x_wconf 84' lang='lat' dir='ltr'>tom.</span> <span class='ocrx_word' id='word_1_235' title='bbox 443 2085 502 2110; x_wconf 89' lang='lat' dir='ltr'>V11.</span> <span class='ocrx_word' id='word_1_236' title='bbox 520 2093 575 2117; x_wconf 84' lang='lat' dir='ltr'>pag.</span> <span class='ocrx_word' id='word_1_237' title='bbox 592 2085 645 2111; x_wconf 83' lang='lat'><strong>265.</strong></span> <span class='ocrx_word' id='word_1_238' title='bbox 662 2084 817 2115; x_wconf 84' lang='lat' dir='ltr'>Richeraud,</span> <span class='ocrx_word' id='word_1_239' title='bbox 834 2091 917 2115; x_wconf 84' lang='lat' dir='ltr'>nosog.</span> <span class='ocrx_word' id='word_1_240' title='bbox 935 2083 1011 2113; x_wconf 70' lang='lat' dir='ltr'>chin,</span> <span class='ocrx_word' id='word_1_241' title='bbox 1032 2087 1090 2107; x_wconf 78' lang='lat' dir='ltr'>tom.</span> <span class='ocrx_word' id='word_1_242' title='bbox 1107 2083 1155 2106; x_wconf 85' lang='lat'><em>111.</em></span> 
     </span>
    </p>
   </div>
  </div>
 </body>
</html>
