1747 2620
122 271 366 289 ἸΙΙ-ΙΙΙ]
370 265 1454 286 “J-‘'J'‘-le-P‘J“N“‘J-t‘ff‘e‘J‘t-t‘ff‘ae‘ff

517 464 715 505 PARS
803 463 1061 503 PRIOR.

153 611 195 639 IN
236 609 317 646 QUA
358 606 633 636 EXPONUNTUR
674 604 943 641 ARGUMENTA,
984 603 1133 640 QUIBUS
1173 603 1255 632 PRO
1296 604 1415 633 ANIMI

310 675 652 706 IMMORTALITATE
693 675 761 703 UTI
802 673 955 703 SOLENT
995 672 1256 701 PHILOSOPHI.

165 1033 198 1064 Si
225 1031 353 1076 proprie
377 1041 519 1074 vereque
544 1029 770 1069 contenditur,
796 1029 831 1059 in
854 1029 941 1059 omni
968 1028 1183 1071 disputatione
1215 1027 1360 1060 ordinem
1391 1039 1457 1060 esse

119 1085 332 1124 servandum,
364 1094 471 1126 neque
502 1083 592 1114 huic
609 1087 724 1112 nostrae
755 1080 975 1123 qualicunque
1004 1080 1169 1123 scriptioni
1192 1080 1299 1112 abesse
1327 1082 1455 1123 poterit.

122 1138 218 1177 Quod
251 1137 396 1180 quamvis
419 1137 453 1166 in
480 1134 669 1178 exponenda
698 1144 814 1177 magna
843 1133 896 1164 iila
927 1138 1213 1176 argumentorum,
1250 1133 1367 1176 quibus
1398 1146 1456 1176 pro

116 1190 357 1222 immortalitate
386 1189 571 1221 animorum
600 1193 740 1220 utuntur
766 1187 969 1230 philosophi,
998 1187 1209 1219 multitudine
1240 1194 1273 1219 et
1303 1189 1457 1221 varietate

115 1243 213 1288 paulo
238 1244 279 1274 sit
304 1242 481 1283 difficilius3
510 1242 617 1274 omnia
643 1247 769 1280 tamen,
795 1252 867 1283 quae
892 1240 932 1271 ad
960 1251 1050 1271 suam
1074 1241 1266 1272 sententiam
1290 1241 1457 1274 stabilien-

116 1297 189 1329 dam
210 1298 244 1328 in
269 1296 413 1328 medium
434 1295 641 1339 protulerunt
649 1295 660 1334 ,’
682 1295 743 1325 rite
766 1294 805 1325 ad
827 1294 886 1325 tria
910 1304 1028 1337 genera
1049 1294 1164 1326 referri
1181 1306 1272 1338 posse
1292 1295 1454 1329 videntur.

114 1351 198 1384 Sunt
219 1350 305 1382 enim
327 1349 396 1381 liaec
416 1354 623 1391 argumenta,
644 1348 670 1378 si
690 1348 840 1380 universe
860 1358 896 1379 ea
912 1353 1111 1391 spectemus,
1135 1347 1188 1381 vel
1209 1349 1308 1391 petita
1329 1360 1369 1380 ex
1388 1349 1457 1381 his-

116 1405 215 1444 toria,
235 1403 288 1436 vel
311 1414 351 1434 ex
371 1402 629 1442 ratiocinatione,
648 1401 700 1435 vel
720 1412 761 1433 ex
780 1412 889 1433 sensus
913 1401 1040 1433 moralis
1061 1402 1173 1433 effatis.
1198 1402 1282 1434 Hinc
1303 1403 1404 1446 igitur
1420 1404 1454 1435 in

115 1458 175 1489 tria
193 1457 295 1501 capita
311 1456 445 1499 dispesci
460 1461 593 1499 possunt
605 1480 613 1495 ‚
633 1467 773 1498 quorum
794 1456 938 1499 primum
954 1455 1131 1488 continebit
1147 1461 1336 1498 argumenta
1352 1455 1454 1487 histo-

116 1511 199 1550 rica3
221 1511 255 1541 in
275 1509 415 1541 secundo
432 1514 635 1552 exponentur
657 1514 846 1552 argumenta
867 1508 1086 1552 philosophica
1107 1509 1298 1550 theoretica3
1321 1509 1454 1542 tertium

120 1563 259 1606 denique
284 1568 357 1605 aget
376 1562 416 1593 de
438 1562 636 1605 argumentis
657 1557 884 1606 philosophicis
904 1563 1051 1606 practicis
1072 1563 1138 1596 sive
1161 1562 1345 1595 moralibus.

595 1665 737 1697 CAPUT
781 1665 963 1697 PRIMUM.

159 1761 368 1784 ARGUMENTA
410 1760 600 1783 ms'rol'ucA
633 1763 678 1783 Ex
716 1763 862 1784 OMNIUM
898 1764 1054 1784 GENTIUM
1096 1763 1138 1783 ET
1172 1763 1409 1784 PLURIMORUM

393 1826 704 1848 PHILOSOPHORUM
737 1827 985 1849 CONSENSIONE
1016 1826 1160 1848 PETITA.

159 1907 306 1939 Primum
329 1908 428 1950 igitur
449 1914 696 1951 argumentum,
721 1921 785 1953 quo
805 1909 845 1941 ad
867 1909 1093 1942 vindicandam
1119 1908 1233 1939 animis
1258 1908 1450 1940 immortali-

115 1966 213 1992 tatem
235 1961 283 1992 uti
305 1961 407 1992 solent
429 1961 631 2004 philosophi,
657 1963 796 2006 petitum
822 1968 869 1994 est
890 1973 930 1994 ex
953 1972 1110 1993 consensu
1130 1961 1345 2004 plurimorum
1370 1962 1447 2005 phi—

113 2013 317 2056 losophorum
343 2015 576 2057 nationumque
604 2017 760 2048 omnium.
797 2016 911 2059 Itaque
934 2016 969 2047 iu
997 2015 1059 2046 hoc
1084 2021 1273 2058 argumento
1298 2021 1444 2058 pertrac-

114 2067 209 2099 tando
230 2068 333 2111 primo
353 2068 412 2100 tria
435 2067 524 2098 nobis
547 2069 773 2101 consideranda
795 2074 887 2109 sunt,
912 2068 1110 2111 antiquitatis
1128 2069 1229 2100 omnis
1250 2068 1442 2107 auctoritas,
