1747 2620
717 260 730 303 (
754 261 794 294 15
819 262 831 304 )

151 333 333 373 Quartum,
356 333 525 376 quintum,
548 339 674 365 sextum
700 340 733 365 et
754 335 927 377 septimum
949 348 1022 379 par,
1048 338 1081 369 in
1100 338 1189 370 binos
1210 352 1312 371 ramos
1328 342 1439 374 subdi-

106 385 279 426 viduntur,
301 397 439 429 quorum
453 398 537 419 unus
551 388 717 430 pectoralis
731 395 883 421 externus
902 389 976 422 bina
998 403 1114 434 genera
1129 405 1289 426 ramorum
1303 397 1437 438 promit,

105 437 222 470 horum
255 439 345 481 prius
375 439 518 482 partibus
546 441 697 472 Thoracis
720 441 919 484 lateralibus,
945 446 1101 487 posterius
1126 456 1203 488 vero
1227 449 1438 481 anterioribus

105 490 318 523 distribuitur.
344 493 434 524 Alter
455 504 530 526 vero
550 506 657 526 ramus
675 496 884 528 intercostalis
903 499 998 530 citato
1017 499 1081 543 jam
1099 501 1192 532 modo
1208 513 1274 533 sese
1292 502 1388 535 habet
1406 510 1438 535 et

104 545 143 576 ad
159 551 303 577 sternum
322 546 498 590 perductus
516 559 555 580 ex
577 548 687 594 majori
703 556 792 593 parte
807 551 942 584 internae
956 554 1092 596 pectoris
1107 555 1229 597 regioni
1244 562 1277 587 et
1291 558 1438 589 mammis

103 598 303 641 dispescitur.
925 642 927 645 v

146 652 328 693 Octavum,
358 665 502 696 nonum,
540 656 721 698 decimum,
750 659 1026 703 undecimumque
1051 672 1109 703 par
1134 662 1169 693 in
1192 662 1282 694 binos
1307 675 1436 707 quoquc

102 716 205 736 ramos
225 705 396 748 dividitur,
413 719 552 751 quorum
573 711 796 751 intercostah's‚
820 718 988 755 postquam
1007 716 1106 757 spatia
1127 716 1338 749 intercostalia
1360 729 1436 761 per-

101 760 297 800 cucurrerit,
321 762 475 793 musculis
493 762 670 794 abdominis
690 765 901 797 anterioribus
919 766 1136 809 distribuitur3
1153 769 1233 801 alter
1248 781 1339 810 vero,
1357 782 1435 814 pec-

100 812 207 844 toralis
231 819 402 856 externus,
428 815 511 848 latus
535 817 671 860 pectoris
693 819 859 852 internum
880 826 913 852 et
934 820 1087 865 majorem
1112 823 1278 857 dentatum
1301 836 1435 858 muscu-

98 865 167 898 lum
193 867 270 899 adit.

142 920 379 953 Duodecimum
403 922 532 954 tandem
557 936 615 967 par
635 925 812 958 abdominis
836 928 1066 972 integumentis
1085 929 1297 964 distribuitur.

142 973 242 1007 Nervi
262 975 526 1019 diaphragmatici
550 978 601 1010 vel
621 979 767 1021 phrenici
791 980 830 1012 ad
850 982 947 1013 vitam
969 983 1140 1015 animalem
1162 991 1340 1027 spectantes
1356 993 1432 1018 sunt

96 1038 233 1059 numero
263 1028 344 1069 duo,
371 1029 451 1061 alter
475 1030 602 1072 dexter,
626 1032 706 1064 alter
725 1034 865 1074 sinister3
893 1046 932 1066 ex
956 1035 1110 1068 inferiore
1126 1037 1240 1080 plexus
1269 1039 1432 1072 cervicalis

98 1086 189 1123 parte
215 1083 462 1124 proficiscuntur
488 1091 522 1115 et
547 1085 779 1130 diaphragmati
807 1087 1056 1121 distribuuntur.
1093 1090 1205 1129 Quum
1230 1093 1322 1125 nervi
1350 1104 1432 1136 gan—

98 1133 254 1176 glionares
273 1136 379 1177 potius
397 1137 496 1179 aspici
520 1137 658 1170 debeant
680 1145 718 1170 ut
741 1146 846 1183 partes
866 1147 1040 1183 contentae,
1062 1142 1102 1174 de
1123 1143 1172 1174 his
1192 1155 1294 1176 sermo
1315 1146 1376 1177 erit
1396 1146 1430 1178 in

94 1187 250 1228 sectione,
273 1199 346 1231 quae
368 1188 410 1220 de
435 1189 580 1232 partibus
601 1194 758 1224 contentis
776 1193 933 1237 loquitur.

476 1341 666 1375 SECTIO
720 1345 1043 1380 POSTERIOR.

114 1461 270 1484 PAR'HUM
302 1463 467 1486 THORACE
497 1466 764 1489 CONTENTARUM
795 1469 1024 1500 DESCRIPTIO,
1058 1472 1172 1502 slTUS,
1206 1473 1404 1501 MUTUAEQUE

443 1528 596 1551 IPSARUM
633 1531 736 1552 INTER
772 1532 850 1553 SESE
881 1533 1069 1555 RATIONES.

135 1634 261 1667 Cavitas
281 1636 453 1671 Thoracica
476 1641 597 1673 natura
621 1642 677 1675 sua
699 1643 735 1675 in
756 1644 858 1678 tribus
883 1647 1068 1691 regionibus
1097 1648 1315 1690 distribuitur,
1341 1662 1423 1694 qua-

92 1698 165 1720 rum
194 1688 277 1721 binae
300 1690 461 1733 laterales,
487 1695 580 1726 tertia
601 1697 705 1729 media
728 1705 792 1731 est:
814 1700 961 1733 laterales
983 1702 1190 1747 pulmonibus
1212 1705 1418 1748 recipiendis,

92 1741 194 1773 media
214 1743 301 1775 cordi
327 1745 457 1789 suisque
477 1749 610 1781 annexis
630 1750 777 1785 distincta
799 1760 856 1786 est.
883 1756 920 1787 In
945 1756 1080 1789 istorum
1101 1769 1293 1801 organorum
1319 1770 1420 1803 expo-

94 1792 221 1834 sitione,
246 1807 263 1827 a
281 1797 375 1830 corde
394 1805 426 1830 et
445 1801 622 1843 pericardio
642 1805 848 1849 incipiemus,
871 1816 1025 1853 sequente
1044 1810 1132 1842 ducti
1151 1811 1418 1845 consideratione:

92 1856 146 1877 cor
167 1858 276 1881 revera
296 1850 446 1885 Thoracis
467 1856 611 1889 centrale
631 1870 772 1903 organon
793 1867 857 1902 est,
880 1869 913 1894 et
933 1863 972 1894 ab
991 1864 1058 1906 ipso
1079 1865 1104 1895 si
1124 1865 1327 1898 exordiemur
1347 1878 1418 1899 me—

89 1898 161 1930 liori
186 1903 360 1943 poterimus
380 1907 490 1940 ordine
513 1912 677 1954 progredi,
701 1915 822 1959 quippe
840 1916 933 1959 quia⁷
951 1917 995 1947 sic
1015 1928 1032 1947 a
1055 1923 1165 1949 centro
1185 1920 1275 1962 quasi
1296 1920 1336 1952 ad
1356 1931 1416 1964 pe-

89 1953 262 1996 ripheriam
279 1965 464 2001 pergentes,
482 1964 587 1996 omnia
602 1965 717 1999 elarius
735 1974 833 2011 atque
849 1970 966 2001 rectius
982 1981 1098 2013 organa
1114 1970 1184 2003 loco
1197 1983 1254 2004 suo
1269 1973 1415 2006 ordinare

86 2006 244 2050 valemus,
269 2015 368 2054 atque
382 2011 498 2047 horum
517 2017 562 2049 sic
579 2018 660 2052 situs
675 2021 832 2064 positivus
850 2021 1034 2055 evidentius
1051 2024 1175 2069 concipi
1194 2027 1322 2069 poterit.
