1747 2620
733 204 747 245 (
768 204 809 235 19
832 203 848 245 )

164 285 214 317 De
235 295 273 317 eo
297 289 383 315 certe
409 282 494 313 inter
520 290 630 312 omnes
651 278 822 317 convenit,
850 276 1027 308 necessario
1052 276 1147 308 modo
1172 275 1223 320 jus
1247 275 1400 308 domicilii
1425 277 1459 308 in

120 340 232 382 Belgio
257 336 397 370 habendi
418 336 565 367 amittere
590 333 730 373 incolas,
765 332 884 376 quibus
912 337 1043 375 propter
1071 330 1245 362 admissum
1272 330 1398 362 facinus
1424 342 1460 362 ea

122 405 220 439 poena
243 392 368 436 legibus
391 391 528 434 Belgicis
550 395 667 420 statuta
687 386 857 430 infligitur.

166 448 289 480 Verum
307 446 438 478 maximi
455 444 610 476 momenti
625 442 758 486 quaestio
777 441 816 472 de
833 439 1012 472 revocanda
1028 445 1085 471 aut
1099 450 1163 470 non
1182 437 1360 470 revocanda
1380 438 1463 481 regis

122 503 231 542 venia,
256 502 340 532 inter
365 506 511 531 auctores
531 504 633 537 mota,
660 499 694 528 in
721 502 893 539 utramque
919 501 1044 539 partem
1068 494 1267 527 defenditur.
1302 493 1366 525 Nos
1391 504 1462 524 eam

121 557 269 601 sequenti
290 554 384 587 niodo
405 553 590 586 solvendam
617 552 848 584 existimamus.

166 612 237 654 lpso
257 609 320 654 jam
336 608 510 641 universali
526 607 614 652 jure,
636 606 687 651 jus
702 618 720 638 a
736 605 896 649 quolibet,
917 616 991 637 cum
1012 604 1098 644 cive,
1120 609 1191 635 tum
1208 601 1330 642 incola,
1351 602 1464 644 acqui-

121 666 219 697 situm
239 665 269 695 ei
289 663 391 695 invito
412 675 429 693 a
448 661 614 705 republica
637 660 758 692 auferri
781 660 914 702 nequit,
941 665 1039 702 atque
1061 657 1133 702 jura
1155 656 1358 700 singulorum
1379 655 1465 688 salva

121 725 154 751 et
175 719 300 762 integra
324 717 444 749 servari
466 729 484 747 a
507 717 636 747 civitate
664 714 793 746 debent.
828 713 1020 752 Quinimmo
1048 711 1107 742 etsi
1133 710 1238 742 incola
1263 709 1364 741 officia
1389 720 1465 752 erga

122 772 356 816 rempublicam
383 775 529 813 suscepta
556 769 741 812 gravissime
766 767 949 806 violaverit,
979 766 1101 797 civitati
1126 771 1234 795 tamen
1259 770 1429 807 propterea
1448 775 1466 794 a

122 832 215 871 pacto
236 837 310 858 cum
331 825 386 856 illo
406 825 485 856 inito
502 823 653 855 recedere
668 821 788 865 absque
811 832 968 852 consensu
988 820 1088 862 ipsius
1105 830 1170 849 non
1189 817 1281 858 licet,
1304 817 1379 860 quia
1394 815 1467 860 jure

121 887 245 913 naturae
266 880 375 911 neutri
401 890 418 910 e
437 876 672 921 paciscentibus
692 876 765 906 ideo
788 874 874 917 quod
900 874 980 905 alter
1002 873 1188 916 obligationi
1206 883 1271 903 suae
1291 882 1357 902 non
1374 871 1467 902 satis-

123 935 254 973 fecerit,
281 946 298 964 a
321 938 490 964 contractu
512 929 670 961 bilaterali
692 928 842 960 recedere
864 928 911 959 fas
932 933 980 958 est
1004 927 1063 969 (1).

167 988 240 1018 Jam
264 997 340 1018 vero
360 992 430 1017 tum
457 985 588 1016 demum
609 995 667 1015 suo
688 984 788 1026 ipsius
811 993 969 1013 consensu
990 979 1202 1012 antecedente
1228 979 1331 1010 incola
1349 978 1468 1021 expul-

124 1042 245 1072 sionem
260 1041 327 1070 sive
344 1039 545 1069 amissionem
562 1037 641 1080 juris
659 1038 709 1068 sui
729 1047 868 1079 regnum
883 1035 1102 1074 inhabitandi,
1126 1034 1193 1077 pati
1211 1033 1389 1064 censendus
1406 1039 1468 1073 est,

122 1093 179 1126 ubi
200 1104 240 1124 ex
258 1092 445 1123 necessitate
466 1091 559 1134 legis,
584 1101 657 1133 quae
679 1096 789 1121 contra
810 1090 955 1133 graviora
978 1089 1113 1120 crimina
1136 1088 1220 1119 hanc
1235 1098 1366 1130 poenam
1389 1099 1469 1118 con—

122 1148 246 1186 stituit,
277 1152 375 1188 atque
403 1155 610 1176 communem
635 1145 757 1177 civium
788 1143 1035 1186 incolarumque
1065 1141 1266 1174 voluntatem
1293 1141 1468 1181 enunciat,

122 1199 282 1232 territorio
304 1204 412 1229 nostro
432 1197 547 1230 cedere
572 1199 710 1241 cogitur.
738 1198 896 1237 Quamvis
916 1197 1004 1227 enim
1027 1207 1065 1227 eo
1090 1202 1250 1238 tempore,
1270 1206 1335 1238 quo
1356 1194 1470 1238 expel-

121 1254 218 1293 litur,
241 1253 362 1285 invitus
379 1251 512 1295 quidem
533 1251 734 1282 domicilium
752 1251 895 1290 amittat,
916 1255 1025 1281 tamen
1043 1249 1082 1280 de
1100 1248 1218 1294 injuria
1236 1249 1390 1291 conqueri
1404 1260 1470 1280 non

121 1313 241 1353 potest,
266 1317 369 1350 quum
387 1304 600 1337 antecedente
623 1315 781 1336 consensu
797 1304 904 1347 legem
924 1303 1014 1335 illam
1035 1302 1174 1336 voluisse
1193 1303 1316 1334 censeri
1337 1301 1468 1344 debeat,

123 1369 221 1407 atque
243 1360 339 1392 tacita
359 1360 527 1393 voluntate
550 1360 580 1390 ei
600 1370 633 1390 se
658 1357 853 1390 submiserit.

166 1418 292 1449 Verum
318 1427 368 1447 res
394 1414 498 1446 multo
526 1413 619 1445 aliter
644 1424 677 1445 se
706 1412 804 1444 habet
833 1417 983 1455 respectu
1010 1411 1098 1442 illius
1128 1416 1245 1442 coactae
1273 1410 1470 1454 expulsionis

126 1483 224 1515 quam
251 1482 291 1502 ex
314 1469 379 1502 solo
404 1469 568 1512 potestatis
593 1468 801 1499 exsecutorias:
822 1467 970 1507 arbitrio,
997 1477 1104 1509 neque
1131 1477 1171 1497 ex
1194 1465 1275 1509 legis
1300 1464 1470 1510 cujusdam

126 1525 330 1569 praescripto,
353 1523 458 1554 incola
478 1528 664 1566 pateretur,
686 1522 739 1554 hic
758 1523 845 1554 enim
865 1521 1037 1554 manifesto
1055 1531 1142 1552 unus
1160 1530 1177 1551 e
1198 1519 1434 1563 paciscentibus
1452 1519 1470 1550 ὲ

128 1584 295 1611 contractu
318 1577 477 1609 bilaterali
501 1577 684 1609 recederet:
712 1577 799 1621 quod
826 1588 867 1608 ne
890 1583 969 1620 tunc
994 1574 1127 1618 quidem
1152 1574 1199 1605 fas
1224 1579 1287 1613 est,
1319 1574 1344 1604 si
1365 1573 1470 1604 incola

129 1633 280 1667 adversus
308 1631 410 1663 officia
434 1643 452 1663 a
477 1642 510 1663 se
537 1637 683 1675 suscepta
715 1643 827 1664 revera
854 1630 1044 1674 deliquerit,
1072 1630 1117 1660 ita
1141 1634 1251 1660 tamen
1276 1634 1315 1660 ut
1346 1627 1470 1660 nullam

128 1687 232 1732 legem
253 1686 419 1730 poenalem
440 1685 619 1718 violaverit.

174 1742 393 1785 Quapropter,
414 1752 518 1784 quum
537 1740 621 1784 regis
639 1740 734 1773 venia
754 1739 915 1771 extraneis
931 1749 1078 1770 concessa
1095 1737 1140 1769 eis
1158 1736 1210 1782 jus
1226 1735 1425 1768 domicilium
1439 1742 1472 1767 et

131 1796 241 1839 legum
263 1801 445 1827 nostrarum
465 1794 612 1827 civilium
633 1794 789 1826 beneficio
807 1792 938 1834 utendi,
965 1792 1132 1832 tribuerit,
1160 1790 1247 1834 quod
1267 1790 1318 1835 jus
1338 1790 1378 1822 ad
1399 1790 1471 1835 jura

130 1850 332 1895 singulorum
352 1850 532 1882 incolarum
555 1850 709 1893 acquisita
730 1850 891 1894 pertinet,
918 1857 1117 1890 consequens
1139 1851 1205 1886 est,
1229 1845 1291 1876 hoc
1315 1857 1382 1876 non
1410 1845 1471 1876 alio

131 1905 226 1937 modo
245 1895 314 1936 t'ofli
333 1915 422 1948 posse
443 1916 541 1948 quam
563 1904 722 1936 sententia
744 1901 1005 1936 condemnatori&
1027 1900 1178 1933 adversus
1198 1910 1251 1931 eos
1270 1899 1333 1931 lat&
1354 1899 1413 1943 (2).

130 1971 1467 1987 Μ

192 2020 238 2049 (ι)
254 2019 294 2042 Cf.
315 2019 354 2042 cl.
378 2019 459 2048 Haus,
477 2019 516 2049 jus
530 2024 585 2043 nat.
610 2020 622 2049 ᾖ
639 2020 693 2042 248.

192 2061 237 2091 (ιι)
253 2060 407 2084 Contrariam
419 2059 565 2091 profitemur
581 2060 727 2084 senteutiam
743 2059 782 2083 Cl.
803 2059 907 2089 Merlin,
925 2063 1005 2091 quest.
1020 2057 1050 2081 de
1066 2057 1143 2087 droit,
1155 2063 1182 2081 v¹²
1193 2056 1332 2086 Adoption,
1344 2062 1401 2085 pag.
1414 2053 1472 2082 346,
