<?xml version="1.0" encoding="UTF-8"?>
<!DOCTYPE html PUBLIC "-//W3C//DTD XHTML 1.0 Transitional//EN"
    "http://www.w3.org/TR/xhtml1/DTD/xhtml1-transitional.dtd">
<html xmlns="http://www.w3.org/1999/xhtml" xml:lang="en" lang="en">
 <head>
  <title>
</title>
<meta http-equiv="Content-Type" content="text/html;charset=utf-8" />
  <meta name='ocr-system' content='tesseract 3.04.00' />
  <meta name='ocr-capabilities' content='ocr_page ocr_carea ocr_par ocr_line ocrx_word'/>
</head>
<body>
  <div class='ocr_page' id='page_1' title='image "annalesacademiae00acad_0141.png"; bbox 0 0 1747 2620; ppageno 0'>
   <div class='ocr_carea' id='block_1_1' title="bbox 737 229 850 271">
    <p class='ocr_par' dir='ltr' id='par_1_1' title="bbox 737 229 850 271">
     <span class='ocr_line' id='line_1_1' title="bbox 737 229 850 271; baseline 0.009 -1"><span class='ocrx_word' id='word_1_1' title='bbox 737 229 850 271; x_wconf 87' lang='lat'>(17)</span> 
     </span>
    </p>
   </div>
   <div class='ocr_carea' id='block_1_2' title="bbox 114 298 1462 1840">
    <p class='ocr_par' dir='ltr' id='par_1_2' title="bbox 114 298 1462 1359">
     <span class='ocr_line' id='line_1_2' title="bbox 130 298 1461 350; baseline 0.001 -13"><span class='ocrx_word' id='word_1_2' title='bbox 130 311 200 350; x_wconf 87' lang='lat' dir='ltr'>post</span> <span class='ocrx_word' id='word_1_3' title='bbox 223 298 357 337; x_wconf 80' lang='lat' dir='ltr'>mortem</span> <span class='ocrx_word' id='word_1_4' title='bbox 378 314 504 336; x_wconf 88' lang='lat' dir='ltr'>sensum</span> <span class='ocrx_word' id='word_1_5' title='bbox 529 303 569 335; x_wconf 89' lang='lat' dir='ltr'>sit</span> <span class='ocrx_word' id='word_1_6' title='bbox 589 301 776 334; x_wconf 78' lang='lat' dir='ltr'>habiturus”</span> <span class='ocrx_word' id='word_1_7' title='bbox 800 303 857 344; x_wconf 85' lang='lat'>(1).</span> <span class='ocrx_word' id='word_1_8' title='bbox 890 302 949 334; x_wconf 84' lang='lat' dir='ltr'>Cui</span> <span class='ocrx_word' id='word_1_9' title='bbox 974 304 1103 335; x_wconf 84' lang='lat' dir='ltr'><strong>assentit</strong></span> <span class='ocrx_word' id='word_1_10' title='bbox 1122 304 1217 335; x_wconf 87' lang='lat' dir='ltr'>etiam</span> <span class='ocrx_word' id='word_1_11' title='bbox 1238 304 1357 337; x_wconf 84' lang='lat' dir='ltr'>Seneca</span> <span class='ocrx_word' id='word_1_12' title='bbox 1382 307 1461 338; x_wconf 87' lang='lat' dir='ltr'>scri-</span> 
     </span>
     <span class='ocr_line' id='line_1_3' title="bbox 130 356 1460 396; baseline 0.002 -6"><span class='ocrx_word' id='word_1_13' title='bbox 130 359 229 390; x_wconf 87' lang='lat' dir='ltr'>bens:</span> <span class='ocrx_word' id='word_1_14' title='bbox 261 370 279 389; x_wconf 85' lang='grc'>»</span> <span class='ocrx_word' id='word_1_15' title='bbox 296 369 369 389; x_wconf 87' lang='lat' dir='ltr'>cum</span> <span class='ocrx_word' id='word_1_16' title='bbox 392 357 431 388; x_wconf 87' lang='lat' dir='ltr'>de</span> <span class='ocrx_word' id='word_1_17' title='bbox 454 357 633 388; x_wconf 86' lang='lat' dir='ltr'>animorum</span> <span class='ocrx_word' id='word_1_18' title='bbox 659 356 836 387; x_wconf 87' lang='lat' dir='ltr'>aeternitate</span> <span class='ocrx_word' id='word_1_19' title='bbox 857 356 1056 396; x_wconf 68' lang='lat' dir='ltr'><strong>disserimus,</strong></span> <span class='ocrx_word' id='word_1_20' title='bbox 1081 368 1145 388; x_wconf 90' lang='lat' dir='ltr'>non</span> <span class='ocrx_word' id='word_1_21' title='bbox 1166 357 1237 390; x_wconf 87' lang='lat' dir='ltr'>leve</span> <span class='ocrx_word' id='word_1_22' title='bbox 1261 366 1460 392; x_wconf 85' lang='lat' dir='ltr'>momentum</span> 
     </span>
     <span class='ocr_line' id='line_1_4' title="bbox 129 410 1460 455; baseline 0 -12"><span class='ocrx_word' id='word_1_23' title='bbox 129 411 215 455; x_wconf 81' lang='lat' dir='ltr'>apud</span> <span class='ocrx_word' id='word_1_24' title='bbox 234 422 291 442; x_wconf 87' lang='lat' dir='ltr'>nos</span> <span class='ocrx_word' id='word_1_25' title='bbox 313 410 410 442; x_wconf 89' lang='lat' dir='ltr'>hahet</span> <span class='ocrx_word' id='word_1_26' title='bbox 431 421 600 441; x_wconf 89' lang='lat' dir='ltr'>consensus</span> <span class='ocrx_word' id='word_1_27' title='bbox 621 410 790 441; x_wconf 87' lang='lat' dir='ltr'>hominum</span> <span class='ocrx_word' id='word_1_28' title='bbox 812 416 867 441; x_wconf 85' lang='lat' dir='ltr'>aut</span> <span class='ocrx_word' id='word_1_29' title='bbox 891 410 1076 442; x_wconf 80' lang='lat' dir='ltr'><strong>timentium</strong></span> <span class='ocrx_word' id='word_1_30' title='bbox 1097 410 1236 451; x_wconf 86' lang='lat' dir='ltr'>inferos,</span> <span class='ocrx_word' id='word_1_31' title='bbox 1269 418 1326 442; x_wconf 90' lang='lat' dir='ltr'>aut</span> <span class='ocrx_word' id='word_1_32' title='bbox 1352 412 1460 444; x_wconf 87' lang='lat' dir='ltr'>colen—</span> 
     </span>
     <span class='ocr_line' id='line_1_5' title="bbox 129 463 1461 509; baseline 0.002 -14"><span class='ocrx_word' id='word_1_33' title='bbox 129 463 230 495; x_wconf 82' lang='lat' dir='ltr'>tium’&#39;</span> <span class='ocrx_word' id='word_1_34' title='bbox 251 464 308 505; x_wconf 81' lang='lat'>(2).</span> <span class='ocrx_word' id='word_1_35' title='bbox 337 464 384 494; x_wconf 80' lang='lat' dir='ltr'>Ex</span> <span class='ocrx_word' id='word_1_36' title='bbox 405 463 635 494; x_wconf 88' lang='lat' dir='ltr'>recentioribus</span> <span class='ocrx_word' id='word_1_37' title='bbox 654 463 850 506; x_wconf 84' lang='lat' dir='ltr'>philosophis</span> <span class='ocrx_word' id='word_1_38' title='bbox 869 464 946 495; x_wconf 90' lang='lat' dir='ltr'>huic</span> <span class='ocrx_word' id='word_1_39' title='bbox 961 470 1154 507; x_wconf 86' lang='lat' dir='ltr'>argumento</span> <span class='ocrx_word' id='word_1_40' title='bbox 1180 465 1380 505; x_wconf 85' lang='lat' dir='ltr'>Gassendus,</span> <span class='ocrx_word' id='word_1_41' title='bbox 1405 468 1461 509; x_wconf 90' lang='lat' dir='ltr'>qui</span> 
     </span>
     <span class='ocr_line' id='line_1_6' title="bbox 129 516 1459 561; baseline 0.002 -13"><span class='ocrx_word' id='word_1_42' title='bbox 129 517 167 549; x_wconf 89' lang='lat' dir='ltr'>ad</span> <span class='ocrx_word' id='word_1_43' title='bbox 183 517 312 548; x_wconf 82' lang='lat' dir='ltr'>moralia</span> <span class='ocrx_word' id='word_1_44' title='bbox 334 522 521 559; x_wconf 86' lang='lat' dir='ltr'>argumenta</span> <span class='ocrx_word' id='word_1_45' title='bbox 542 516 575 547; x_wconf 90' lang='lat' dir='ltr'>id</span> <span class='ocrx_word' id='word_1_46' title='bbox 590 516 706 556; x_wconf 80' lang='lat' dir='ltr'><strong>refert,</strong></span> <span class='ocrx_word' id='word_1_47' title='bbox 728 517 904 548; x_wconf 73' lang='lat' dir='ltr'>maximum</span> <span class='ocrx_word' id='word_1_48' title='bbox 922 517 1068 559; x_wconf 85' lang='lat' dir='ltr'>inprimis</span> <span class='ocrx_word' id='word_1_49' title='bbox 1094 517 1288 561; x_wconf 84' lang='lat' dir='ltr'>adjudicavit</span> <span class='ocrx_word' id='word_1_50' title='bbox 1308 520 1459 561; x_wconf 88' lang='lat' dir='ltr'>pretium.</span> 
     </span>
     <span class='ocr_line' id='line_1_7' title="bbox 129 569 1462 612; baseline 0.002 -11"><span class='ocrx_word' id='word_1_51' title='bbox 129 570 201 601; x_wconf 91' lang='lat' dir='ltr'>Huc</span> <span class='ocrx_word' id='word_1_52' title='bbox 222 570 291 601; x_wconf 84' lang='lat' dir='ltr'>fere</span> <span class='ocrx_word' id='word_1_53' title='bbox 312 569 394 600; x_wconf 89' lang='lat' dir='ltr'>redit</span> <span class='ocrx_word' id='word_1_54' title='bbox 415 569 483 612; x_wconf 81' lang='lat' dir='ltr'>ejus</span> <span class='ocrx_word' id='word_1_55' title='bbox 503 570 749 612; x_wconf 79' lang='lat' dir='ltr'>argumentatio.</span> <span class='ocrx_word' id='word_1_56' title='bbox 774 569 863 600; x_wconf 63' lang='lat' dir='ltr'>Nihil</span> <span class='ocrx_word' id='word_1_57' title='bbox 883 571 985 601; x_wconf 88' lang='lat' dir='ltr'>tutius</span> <span class='ocrx_word' id='word_1_58' title='bbox 1005 577 1051 601; x_wconf 88' lang='lat' dir='ltr'>est</span> <span class='ocrx_word' id='word_1_59' title='bbox 1068 570 1108 602; x_wconf 84' lang='lat' dir='ltr'>ad</span> <span class='ocrx_word' id='word_1_60' title='bbox 1126 571 1380 603; x_wconf 86' lang='lat' dir='ltr'>confirmandum</span> <span class='ocrx_word' id='word_1_61' title='bbox 1401 572 1462 603; x_wconf 92' lang='lat' dir='ltr'>ali-</span> 
     </span>
     <span class='ocr_line' id='line_1_8' title="bbox 128 623 1460 667; baseline 0.002 -13"><span class='ocrx_word' id='word_1_62' title='bbox 128 623 207 667; x_wconf 89' lang='lat' dir='ltr'>quid</span> <span class='ocrx_word' id='word_1_63' title='bbox 222 623 307 666; x_wconf 91' lang='lat' dir='ltr'>quod</span> <span class='ocrx_word' id='word_1_64' title='bbox 324 623 469 654; x_wconf 86' lang='lat' dir='ltr'>homines</span> <span class='ocrx_word' id='word_1_65' title='bbox 488 623 646 662; x_wconf 85' lang='lat' dir='ltr'>adtineat,</span> <span class='ocrx_word' id='word_1_66' title='bbox 662 634 757 666; x_wconf 88' lang='lat' dir='ltr'>quam</span> <span class='ocrx_word' id='word_1_67' title='bbox 774 623 841 665; x_wconf 83' lang='lat' dir='ltr'>ipse</span> <span class='ocrx_word' id='word_1_68' title='bbox 854 624 978 665; x_wconf 84' lang='lat' dir='ltr'>generis</span> <span class='ocrx_word' id='word_1_69' title='bbox 990 624 1086 655; x_wconf 88' lang='lat' dir='ltr'>totius</span> <span class='ocrx_word' id='word_1_70' title='bbox 1098 635 1277 664; x_wconf 77' lang='lat' dir='ltr'>consensus.</span> <span class='ocrx_word' id='word_1_71' title='bbox 1297 625 1344 656; x_wconf 92' lang='lat' dir='ltr'>Ut</span> <span class='ocrx_word' id='word_1_72' title='bbox 1357 626 1441 656; x_wconf 88' lang='lat' dir='ltr'>enim</span> <span class='ocrx_word' id='word_1_73' title='bbox 1451 649 1460 665; x_wconf 94' lang='lat'>,</span> 
     </span>
     <span class='ocr_line' id='line_1_9' title="bbox 126 676 1461 723; baseline 0.001 -15"><span class='ocrx_word' id='word_1_74' title='bbox 126 688 202 708; x_wconf 88' lang='lat' dir='ltr'>cum</span> <span class='ocrx_word' id='word_1_75' title='bbox 224 676 412 719; x_wconf 84' lang='lat' dir='ltr'>disquiritur</span> <span class='ocrx_word' id='word_1_76' title='bbox 431 676 518 719; x_wconf 88' lang='lat' dir='ltr'>quod</span> <span class='ocrx_word' id='word_1_77' title='bbox 539 676 578 707; x_wconf 88' lang='lat' dir='ltr'>ad</span> <span class='ocrx_word' id='word_1_78' title='bbox 600 676 649 720; x_wconf 89' lang='lat' dir='ltr'>jus</span> <span class='ocrx_word' id='word_1_79' title='bbox 670 676 806 707; x_wconf 89' lang='lat' dir='ltr'>animale</span> <span class='ocrx_word' id='word_1_80' title='bbox 823 681 960 719; x_wconf 86' lang='lat' dir='ltr'>spectat,</span> <span class='ocrx_word' id='word_1_81' title='bbox 984 677 1167 719; x_wconf 82' lang='lat' dir='ltr'>opinionem</span> <span class='ocrx_word' id='word_1_82' title='bbox 1188 678 1400 720; x_wconf 76' lang='lat' dir='ltr'>expendimus</span> <span class='ocrx_word' id='word_1_83' title='bbox 1421 690 1461 723; x_wconf 56' lang='lat' dir='ltr'>ex</span> 
     </span>
     <span class='ocr_line' id='line_1_10' title="bbox 127 728 1460 772; baseline 0.001 -11"><span class='ocrx_word' id='word_1_84' title='bbox 127 728 346 762; x_wconf 88' lang='lat' dir='ltr'>observatione</span> <span class='ocrx_word' id='word_1_85' title='bbox 366 740 496 769; x_wconf 88' lang='lat' dir='ltr'>eorum,</span> <span class='ocrx_word' id='word_1_86' title='bbox 522 741 594 772; x_wconf 88' lang='lat' dir='ltr'>quae</span> <span class='ocrx_word' id='word_1_87' title='bbox 613 735 688 760; x_wconf 90' lang='lat' dir='ltr'>sunt</span> <span class='ocrx_word' id='word_1_88' title='bbox 708 729 898 761; x_wconf 85' lang='lat' dir='ltr'>animalibus</span> <span class='ocrx_word' id='word_1_89' title='bbox 922 729 1070 761; x_wconf 88' lang='lat' dir='ltr'>omnibus</span> <span class='ocrx_word' id='word_1_90' title='bbox 1090 731 1289 771; x_wconf 69' lang='lat' dir='ltr'>communia,</span> <span class='ocrx_word' id='word_1_91' title='bbox 1316 731 1360 761; x_wconf 89' lang='lat' dir='ltr'>sic</span> <span class='ocrx_word' id='word_1_92' title='bbox 1381 731 1460 762; x_wconf 87' lang='lat' dir='ltr'>dum</span> 
     </span>
     <span class='ocr_line' id='line_1_11' title="bbox 125 782 1460 826; baseline 0.001 -12"><span class='ocrx_word' id='word_1_93' title='bbox 125 783 248 826; x_wconf 85' lang='lat' dir='ltr'>aliquid</span> <span class='ocrx_word' id='word_1_94' title='bbox 269 783 460 826; x_wconf 84' lang='lat' dir='ltr'>quaerimuS,</span> <span class='ocrx_word' id='word_1_95' title='bbox 485 782 571 825; x_wconf 87' lang='lat' dir='ltr'>quod</span> <span class='ocrx_word' id='word_1_96' title='bbox 592 782 670 825; x_wconf 87' lang='lat' dir='ltr'>juris</span> <span class='ocrx_word' id='word_1_97' title='bbox 694 782 830 814; x_wconf 89' lang='lat' dir='ltr'>humani</span> <span class='ocrx_word' id='word_1_98' title='bbox 853 783 907 821; x_wconf 86' lang='lat' dir='ltr'>sit,</span> <span class='ocrx_word' id='word_1_99' title='bbox 934 795 1064 826; x_wconf 86' lang='lat' dir='ltr'>aequum</span> <span class='ocrx_word' id='word_1_100' title='bbox 1090 789 1137 814; x_wconf 86' lang='lat' dir='ltr'>est</span> <span class='ocrx_word' id='word_1_101' title='bbox 1159 783 1245 814; x_wconf 85' lang='lat' dir='ltr'>ferre</span> <span class='ocrx_word' id='word_1_102' title='bbox 1269 785 1460 815; x_wconf 88' lang='lat' dir='ltr'>sententiam</span> 
     </span>
     <span class='ocr_line' id='line_1_12' title="bbox 126 835 1462 879; baseline 0 -11"><span class='ocrx_word' id='word_1_103' title='bbox 126 847 166 868; x_wconf 85' lang='lat' dir='ltr'>ex</span> <span class='ocrx_word' id='word_1_104' title='bbox 187 847 241 876; x_wconf 90' lang='lat' dir='ltr'>eo,</span> <span class='ocrx_word' id='word_1_105' title='bbox 263 836 349 879; x_wconf 92' lang='lat' dir='ltr'>quod</span> <span class='ocrx_word' id='word_1_106' title='bbox 370 835 518 867; x_wconf 86' lang='lat' dir='ltr'>omnibus</span> <span class='ocrx_word' id='word_1_107' title='bbox 538 836 701 879; x_wconf 86' lang='lat' dir='ltr'>probatur.</span> <span class='ocrx_word' id='word_1_108' title='bbox 727 835 889 867; x_wconf 88' lang='lat' dir='ltr'>Videlicet</span> <span class='ocrx_word' id='word_1_109' title='bbox 906 842 963 867; x_wconf 88' lang='lat' dir='ltr'>aut</span> <span class='ocrx_word' id='word_1_110' title='bbox 982 836 1071 867; x_wconf 87' lang='lat' dir='ltr'>nulla</span> <span class='ocrx_word' id='word_1_111' title='bbox 1092 842 1154 875; x_wconf 86' lang='lat' dir='ltr'>est,</span> <span class='ocrx_word' id='word_1_112' title='bbox 1173 842 1229 867; x_wconf 90' lang='lat' dir='ltr'>aut</span> <span class='ocrx_word' id='word_1_113' title='bbox 1249 836 1317 867; x_wconf 88' lang='lat' dir='ltr'>haec</span> <span class='ocrx_word' id='word_1_114' title='bbox 1336 842 1383 867; x_wconf 87' lang='lat' dir='ltr'>est</span> <span class='ocrx_word' id='word_1_115' title='bbox 1401 837 1462 868; x_wconf 89' lang='lat' dir='ltr'>ha-</span> 
     </span>
     <span class='ocr_line' id='line_1_13' title="bbox 127 889 1460 933; baseline 0.002 -13"><span class='ocrx_word' id='word_1_116' title='bbox 127 889 232 921; x_wconf 84' lang='lat' dir='ltr'>benda</span> <span class='ocrx_word' id='word_1_117' title='bbox 248 889 299 920; x_wconf 82' lang='lat' dir='ltr'>lex</span> <span class='ocrx_word' id='word_1_118' title='bbox 317 896 349 921; x_wconf 91' lang='lat' dir='ltr'>et</span> <span class='ocrx_word' id='word_1_119' title='bbox 365 901 426 921; x_wconf 82' lang='lat' dir='ltr'>vox</span> <span class='ocrx_word' id='word_1_120' title='bbox 443 895 579 920; x_wconf 84' lang='lat' dir='ltr'>naturae.</span> <span class='ocrx_word' id='word_1_121' title='bbox 601 890 642 919; x_wconf 88' lang='lat' dir='ltr'>Et</span> <span class='ocrx_word' id='word_1_122' title='bbox 659 890 805 932; x_wconf 88' lang='lat' dir='ltr'>quamvis</span> <span class='ocrx_word' id='word_1_123' title='bbox 823 890 942 932; x_wconf 87' lang='lat' dir='ltr'>singuli</span> <span class='ocrx_word' id='word_1_124' title='bbox 956 890 1101 921; x_wconf 89' lang='lat' dir='ltr'>homines</span> <span class='ocrx_word' id='word_1_125' title='bbox 1116 890 1262 932; x_wconf 86' lang='lat' dir='ltr'>inprimis</span> <span class='ocrx_word' id='word_1_126' title='bbox 1280 890 1460 933; x_wconf 86' lang='lat' dir='ltr'>philosophi</span> 
     </span>
     <span class='ocr_line' id='line_1_14' title="bbox 127 942 1459 986; baseline 0 -12"><span class='ocrx_word' id='word_1_127' title='bbox 127 943 168 974; x_wconf 90' lang='lat' dir='ltr'>de</span> <span class='ocrx_word' id='word_1_128' title='bbox 186 944 366 974; x_wconf 88' lang='lat' dir='ltr'>animorum</span> <span class='ocrx_word' id='word_1_129' title='bbox 383 942 621 973; x_wconf 85' lang='lat' dir='ltr'>immortalitate</span> <span class='ocrx_word' id='word_1_130' title='bbox 641 942 790 973; x_wconf 87' lang='lat' dir='ltr'>dubitent</span> <span class='ocrx_word' id='word_1_131' title='bbox 809 943 860 974; x_wconf 91' lang='lat' dir='ltr'>vel</span> <span class='ocrx_word' id='word_1_132' title='bbox 876 943 971 985; x_wconf 90' lang='lat' dir='ltr'>plane</span> <span class='ocrx_word' id='word_1_133' title='bbox 987 954 1056 974; x_wconf 89' lang='lat' dir='ltr'>eam</span> <span class='ocrx_word' id='word_1_134' title='bbox 1078 949 1212 986; x_wconf 83' lang='lat' dir='ltr'>negent:</span> <span class='ocrx_word' id='word_1_135' title='bbox 1234 943 1316 974; x_wconf 86' lang='lat' dir='ltr'>nihil</span> <span class='ocrx_word' id='word_1_136' title='bbox 1335 949 1459 983; x_wconf 86' lang='lat' dir='ltr'>tamen,</span> 
     </span>
     <span class='ocr_line' id='line_1_15' title="bbox 127 992 1460 1040; baseline 0.002 -14"><span class='ocrx_word' id='word_1_137' title='bbox 127 1007 202 1026; x_wconf 90' lang='lat' dir='ltr'>cum</span> <span class='ocrx_word' id='word_1_138' title='bbox 226 1006 332 1026; x_wconf 90' lang='lat' dir='ltr'>errare</span> <span class='ocrx_word' id='word_1_139' title='bbox 356 996 396 1025; x_wconf 86' lang='lat' dir='ltr'>sit</span> <span class='ocrx_word' id='word_1_140' title='bbox 415 992 595 1026; x_wconf 84' lang='lat' dir='ltr'>huma&#39;num</span> <span class='ocrx_word' id='word_1_141' title='bbox 609 1018 617 1034; x_wconf 94' lang='lat'>,</span> <span class='ocrx_word' id='word_1_142' title='bbox 642 995 703 1026; x_wconf 89' lang='lat' dir='ltr'>hoc</span> <span class='ocrx_word' id='word_1_143' title='bbox 728 995 812 1027; x_wconf 88' lang='lat' dir='ltr'>valet</span> <span class='ocrx_word' id='word_1_144' title='bbox 836 995 874 1026; x_wconf 89' lang='lat' dir='ltr'>ad</span> <span class='ocrx_word' id='word_1_145' title='bbox 895 996 1134 1038; x_wconf 86' lang='lat' dir='ltr'>infringendam</span> <span class='ocrx_word' id='word_1_146' title='bbox 1154 995 1252 1040; x_wconf 89' lang='lat' dir='ltr'>hujus</span> <span class='ocrx_word' id='word_1_147' title='bbox 1277 998 1460 1039; x_wconf 87' lang='lat' dir='ltr'>argumenti</span> 
     </span>
     <span class='ocr_line' id='line_1_16' title="bbox 127 1047 1460 1091; baseline 0.002 -12"><span class='ocrx_word' id='word_1_148' title='bbox 127 1048 193 1079; x_wconf 89' lang='lat' dir='ltr'>vim</span> <span class='ocrx_word' id='word_1_149' title='bbox 217 1053 250 1078; x_wconf 89' lang='lat' dir='ltr'>et</span> <span class='ocrx_word' id='word_1_150' title='bbox 268 1047 496 1078; x_wconf 83' lang='lat' dir='ltr'>efficacitatem.</span> <span class='ocrx_word' id='word_1_151' title='bbox 522 1047 657 1089; x_wconf 88' lang='lat' dir='ltr'>Insuper</span> <span class='ocrx_word' id='word_1_152' title='bbox 679 1047 719 1078; x_wconf 91' lang='lat' dir='ltr'>de</span> <span class='ocrx_word' id='word_1_153' title='bbox 741 1047 851 1078; x_wconf 87' lang='lat' dir='ltr'>multis</span> <span class='ocrx_word' id='word_1_154' title='bbox 870 1048 966 1079; x_wconf 90' lang='lat' dir='ltr'>rebus</span> <span class='ocrx_word' id='word_1_155' title='bbox 989 1048 1074 1088; x_wconf 86' lang='lat' dir='ltr'>aliis,</span> <span class='ocrx_word' id='word_1_156' title='bbox 1106 1049 1146 1079; x_wconf 91' lang='lat' dir='ltr'>de</span> <span class='ocrx_word' id='word_1_157' title='bbox 1169 1049 1287 1091; x_wconf 84' lang='lat' dir='ltr'>quibus</span> <span class='ocrx_word' id='word_1_158' title='bbox 1316 1050 1460 1081; x_wconf 90' lang='lat' dir='ltr'>homines</span> 
     </span>
     <span class='ocr_line' id='line_1_17' title="bbox 126 1098 1460 1145; baseline 0.003 -15"><span class='ocrx_word' id='word_1_159' title='bbox 126 1100 273 1142; x_wconf 89' lang='lat' dir='ltr'>plerique</span> <span class='ocrx_word' id='word_1_160' title='bbox 295 1099 415 1129; x_wconf 83' lang='lat' dir='ltr'>indocti</span> <span class='ocrx_word' id='word_1_161' title='bbox 435 1098 517 1129; x_wconf 90' lang='lat' dir='ltr'>bene</span> <span class='ocrx_word' id='word_1_162' title='bbox 537 1098 697 1141; x_wconf 85' lang='lat' dir='ltr'>judicant,</span> <span class='ocrx_word' id='word_1_163' title='bbox 722 1100 819 1131; x_wconf 90' lang='lat' dir='ltr'>iidem</span> <span class='ocrx_word' id='word_1_164' title='bbox 841 1112 923 1143; x_wconf 85' lang='lat' dir='ltr'>saepe</span> <span class='ocrx_word' id='word_1_165' title='bbox 946 1101 1076 1132; x_wconf 86' lang='lat' dir='ltr'>absonas</span> <span class='ocrx_word' id='word_1_166' title='bbox 1105 1102 1217 1133; x_wconf 89' lang='lat' dir='ltr'>fovent</span> <span class='ocrx_word' id='word_1_167' title='bbox 1237 1103 1401 1145; x_wconf 89' lang='lat' dir='ltr'>opiniones</span> <span class='ocrx_word' id='word_1_168' title='bbox 1428 1110 1460 1135; x_wconf 86' lang='lat' dir='ltr'>et</span> 
     </span>
     <span class='ocr_line' id='line_1_18' title="bbox 125 1151 1460 1196; baseline 0.004 -14"><span class='ocrx_word' id='word_1_169' title='bbox 125 1153 221 1196; x_wconf 90' lang='lat' dir='ltr'>plane</span> <span class='ocrx_word' id='word_1_170' title='bbox 242 1151 402 1183; x_wconf 80' lang='lat' dir='ltr'>absurdas.</span> <span class='ocrx_word' id='word_1_171' title='bbox 431 1151 545 1195; x_wconf 84' lang='lat' dir='ltr'>Neque</span> <span class='ocrx_word' id='word_1_172' title='bbox 566 1153 626 1184; x_wconf 88' lang='lat' dir='ltr'>hoc</span> <span class='ocrx_word' id='word_1_173' title='bbox 646 1165 721 1185; x_wconf 89' lang='lat' dir='ltr'>vere</span> <span class='ocrx_word' id='word_1_174' title='bbox 745 1154 967 1194; x_wconf 80' lang='lat' dir='ltr'>contenditur,</span> <span class='ocrx_word' id='word_1_175' title='bbox 989 1166 1194 1186; x_wconf 86' lang='lat' dir='ltr'>communem</span> <span class='ocrx_word' id='word_1_176' title='bbox 1217 1155 1306 1186; x_wconf 88' lang='lat' dir='ltr'>illam</span> <span class='ocrx_word' id='word_1_177' title='bbox 1325 1156 1460 1188; x_wconf 85' lang='lat' dir='ltr'>immor-</span> 
     </span>
     <span class='ocr_line' id='line_1_19' title="bbox 125 1204 1459 1251; baseline 0.005 -16"><span class='ocrx_word' id='word_1_178' title='bbox 125 1205 254 1236; x_wconf 84' lang='lat' dir='ltr'>talitatis</span> <span class='ocrx_word' id='word_1_179' title='bbox 272 1215 361 1247; x_wconf 87' lang='lat' dir='ltr'>spem</span> <span class='ocrx_word' id='word_1_180' title='bbox 378 1216 395 1235; x_wconf 84' lang='lat' dir='ltr'>a</span> <span class='ocrx_word' id='word_1_181' title='bbox 410 1204 590 1248; x_wconf 85' lang='lat' dir='ltr'>legislatore</span> <span class='ocrx_word' id='word_1_182' title='bbox 608 1207 745 1249; x_wconf 87' lang='lat' dir='ltr'>quodam</span> <span class='ocrx_word' id='word_1_183' title='bbox 764 1208 917 1251; x_wconf 85' lang='lat' dir='ltr'>prudenti</span> <span class='ocrx_word' id='word_1_184' title='bbox 938 1214 1039 1239; x_wconf 90' lang='lat' dir='ltr'>ortam</span> <span class='ocrx_word' id='word_1_185' title='bbox 1060 1219 1142 1248; x_wconf 73' lang='lat' dir='ltr'>esse,</span> <span class='ocrx_word' id='word_1_186' title='bbox 1165 1208 1251 1251; x_wconf 88' lang='lat' dir='ltr'>quod</span> <span class='ocrx_word' id='word_1_187' title='bbox 1273 1209 1322 1241; x_wconf 88' lang='lat' dir='ltr'>vel</span> <span class='ocrx_word' id='word_1_188' title='bbox 1342 1211 1459 1242; x_wconf 75' lang='lat' dir='ltr'>exinde</span> 
     </span>
     <span class='ocr_line' id='line_1_20' title="bbox 114 1259 1456 1307; baseline 0.004 -18"><span class='ocrx_word' id='word_1_189' title='bbox 114 1264 230 1302; x_wconf 72' lang='lat' dir='ltr'>patet,</span> <span class='ocrx_word' id='word_1_190' title='bbox 256 1259 407 1301; x_wconf 86' lang='lat' dir='ltr'>quoniam</span> <span class='ocrx_word' id='word_1_191' title='bbox 432 1259 519 1301; x_wconf 85' lang='lat' dir='ltr'>apud</span> <span class='ocrx_word' id='word_1_192' title='bbox 543 1265 673 1302; x_wconf 81' lang='lat' dir='ltr'>gentes,</span> <span class='ocrx_word' id='word_1_193' title='bbox 703 1271 777 1303; x_wconf 86' lang='lat' dir='ltr'>quae</span> <span class='ocrx_word' id='word_1_194' title='bbox 799 1271 842 1303; x_wconf 86' lang='lat' dir='ltr'>ne</span> <span class='ocrx_word' id='word_1_195' title='bbox 861 1262 968 1292; x_wconf 87' lang='lat' dir='ltr'>sciunt</span> <span class='ocrx_word' id='word_1_196' title='bbox 990 1262 1141 1304; x_wconf 89' lang='lat' dir='ltr'>quidem,</span> <span class='ocrx_word' id='word_1_197' title='bbox 1168 1262 1247 1304; x_wconf 88' lang='lat' dir='ltr'>quid</span> <span class='ocrx_word' id='word_1_198' title='bbox 1267 1263 1331 1294; x_wconf 90' lang='lat' dir='ltr'>sint</span> <span class='ocrx_word' id='word_1_199' title='bbox 1354 1264 1456 1307; x_wconf 86' lang='lat' dir='ltr'>leges,</span> 
     </span>
     <span class='ocr_line' id='line_1_21' title="bbox 124 1311 1455 1359; baseline 0.003 -15"><span class='ocrx_word' id='word_1_200' title='bbox 124 1323 261 1355; x_wconf 80' lang='lat' dir='ltr'>quaeque</span> <span class='ocrx_word' id='word_1_201' title='bbox 282 1312 384 1343; x_wconf 91' lang='lat' dir='ltr'>omnis</span> <span class='ocrx_word' id='word_1_202' title='bbox 405 1311 609 1355; x_wconf 87' lang='lat' dir='ltr'>legislationis</span> <span class='ocrx_word' id='word_1_203' title='bbox 629 1319 705 1344; x_wconf 84' lang='lat' dir='ltr'>sunt</span> <span class='ocrx_word' id='word_1_204' title='bbox 725 1319 888 1356; x_wconf 79' lang='lat' dir='ltr'>expertes,</span> <span class='ocrx_word' id='word_1_205' title='bbox 912 1314 1023 1345; x_wconf 82' lang='lat' dir='ltr'>eadem</span> <span class='ocrx_word' id='word_1_206' title='bbox 1044 1314 1097 1345; x_wconf 91' lang='lat' dir='ltr'>illa</span> <span class='ocrx_word' id='word_1_207' title='bbox 1120 1314 1197 1346; x_wconf 86' lang='lat' dir='ltr'>fides</span> <span class='ocrx_word' id='word_1_208' title='bbox 1216 1316 1377 1358; x_wconf 88' lang='lat' dir='ltr'>reperitur</span> <span class='ocrx_word' id='word_1_209' title='bbox 1397 1317 1455 1359; x_wconf 84' lang='lat'>(3).</span> 
     </span>
    </p>

    <p class='ocr_par' dir='ltr' id='par_1_3' title="bbox 122 1365 1457 1840">
     <span class='ocr_line' id='line_1_22' title="bbox 167 1365 1457 1411; baseline 0.004 -15"><span class='ocrx_word' id='word_1_210' title='bbox 167 1365 290 1404; x_wconf 83' lang='lat' dir='ltr'>Quodsi</span> <span class='ocrx_word' id='word_1_211' title='bbox 314 1376 407 1404; x_wconf 86' lang='lat' dir='ltr'>vero,</span> <span class='ocrx_word' id='word_1_212' title='bbox 433 1377 508 1397; x_wconf 91' lang='lat' dir='ltr'>cum</span> <span class='ocrx_word' id='word_1_213' title='bbox 531 1366 565 1397; x_wconf 90' lang='lat' dir='ltr'>in</span> <span class='ocrx_word' id='word_1_214' title='bbox 586 1366 856 1398; x_wconf 83' lang='lat' dir='ltr'>omnibuscausis</span> <span class='ocrx_word' id='word_1_215' title='bbox 882 1368 916 1398; x_wconf 88' lang='lat' dir='ltr'>in</span> <span class='ocrx_word' id='word_1_216' title='bbox 940 1367 1022 1409; x_wconf 88' lang='lat' dir='ltr'>ipsos</span> <span class='ocrx_word' id='word_1_217' title='bbox 1041 1373 1135 1399; x_wconf 89' lang='lat' dir='ltr'>testes</span> <span class='ocrx_word' id='word_1_218' title='bbox 1156 1368 1320 1411; x_wconf 86' lang='lat' dir='ltr'>inquirere</span> <span class='ocrx_word' id='word_1_219' title='bbox 1341 1375 1373 1400; x_wconf 90' lang='lat' dir='ltr'>et</span> <span class='ocrx_word' id='word_1_220' title='bbox 1397 1370 1457 1401; x_wconf 92' lang='lat' dir='ltr'>de-</span> 
     </span>
     <span class='ocr_line' id='line_1_23' title="bbox 122 1418 1456 1459; baseline 0.005 -10"><span class='ocrx_word' id='word_1_221' title='bbox 122 1418 254 1450; x_wconf 86' lang='lat' dir='ltr'>beamus</span> <span class='ocrx_word' id='word_1_222' title='bbox 279 1424 312 1449; x_wconf 88' lang='lat' dir='ltr'>et</span> <span class='ocrx_word' id='word_1_223' title='bbox 337 1418 514 1459; x_wconf 84' lang='lat' dir='ltr'>soleamus,</span> <span class='ocrx_word' id='word_1_224' title='bbox 553 1426 722 1452; x_wconf 89' lang='lat' dir='ltr'>auctorum</span> <span class='ocrx_word' id='word_1_225' title='bbox 748 1420 788 1452; x_wconf 89' lang='lat' dir='ltr'>ad</span> <span class='ocrx_word' id='word_1_226' title='bbox 816 1422 908 1452; x_wconf 88' lang='lat' dir='ltr'>istam</span> <span class='ocrx_word' id='word_1_227' title='bbox 938 1422 1129 1453; x_wconf 87' lang='lat' dir='ltr'>sententiam</span> <span class='ocrx_word' id='word_1_228' title='bbox 1159 1422 1355 1455; x_wconf 88' lang='lat' dir='ltr'>advertimus</span> <span class='ocrx_word' id='word_1_229' title='bbox 1380 1435 1456 1456; x_wconf 89' lang='lat' dir='ltr'>cum</span> 
     </span>
     <span class='ocr_line' id='line_1_24' title="bbox 122 1472 1455 1518; baseline 0.003 -14"><span class='ocrx_word' id='word_1_230' title='bbox 122 1483 296 1504; x_wconf 85' lang='lat' dir='ltr'>numerum</span> <span class='ocrx_word' id='word_1_231' title='bbox 323 1478 393 1503; x_wconf 90' lang='lat' dir='ltr'>tum</span> <span class='ocrx_word' id='word_1_232' title='bbox 416 1472 574 1513; x_wconf 89' lang='lat' dir='ltr'>indolem,</span> <span class='ocrx_word' id='word_1_233' title='bbox 600 1474 803 1506; x_wconf 89' lang='lat' dir='ltr'>inveniemus</span> <span class='ocrx_word' id='word_1_234' title='bbox 830 1481 917 1506; x_wconf 88' lang='lat' dir='ltr'>certe</span> <span class='ocrx_word' id='word_1_235' title='bbox 937 1475 997 1506; x_wconf 91' lang='lat' dir='ltr'>hoc</span> <span class='ocrx_word' id='word_1_236' title='bbox 1018 1487 1083 1506; x_wconf 91' lang='lat' dir='ltr'>non</span> <span class='ocrx_word' id='word_1_237' title='bbox 1103 1487 1219 1518; x_wconf 90' lang='lat' dir='ltr'>parum</span> <span class='ocrx_word' id='word_1_238' title='bbox 1244 1477 1391 1508; x_wconf 78' lang='lat' dir='ltr'>conserre</span> <span class='ocrx_word' id='word_1_239' title='bbox 1415 1477 1455 1509; x_wconf 88' lang='lat' dir='ltr'>ad</span> 
     </span>
     <span class='ocr_line' id='line_1_25' title="bbox 124 1524 1454 1569; baseline 0.004 -14"><span class='ocrx_word' id='word_1_240' title='bbox 124 1524 277 1568; x_wconf 83' lang='lat' dir='ltr'>majorem</span> <span class='ocrx_word' id='word_1_241' title='bbox 300 1525 378 1557; x_wconf 87' lang='lat' dir='ltr'>huic</span> <span class='ocrx_word' id='word_1_242' title='bbox 400 1527 563 1557; x_wconf 87' lang='lat' dir='ltr'>communi</span> <span class='ocrx_word' id='word_1_243' title='bbox 585 1527 782 1569; x_wconf 88' lang='lat' dir='ltr'>persuasioni</span> <span class='ocrx_word' id='word_1_244' title='bbox 805 1526 1042 1559; x_wconf 87' lang='lat' dir='ltr'>attribuendam</span> <span class='ocrx_word' id='word_1_245' title='bbox 1069 1529 1136 1560; x_wconf 88' lang='lat' dir='ltr'>vim</span> <span class='ocrx_word' id='word_1_246' title='bbox 1164 1534 1197 1560; x_wconf 91' lang='lat' dir='ltr'>et</span> <span class='ocrx_word' id='word_1_247' title='bbox 1221 1530 1454 1561; x_wconf 85' lang='lat' dir='ltr'>auctoritatem.</span> 
     </span>
     <span class='ocr_line' id='line_1_26' title="bbox 124 1577 1454 1627; baseline 0.005 -19"><span class='ocrx_word' id='word_1_248' title='bbox 124 1577 284 1609; x_wconf 88' lang='lat' dir='ltr'>Nimirum</span> <span class='ocrx_word' id='word_1_249' title='bbox 311 1578 397 1620; x_wconf 93' lang='lat' dir='ltr'>quod</span> <span class='ocrx_word' id='word_1_250' title='bbox 423 1578 462 1609; x_wconf 85' lang='lat' dir='ltr'>ad</span> <span class='ocrx_word' id='word_1_251' title='bbox 489 1580 619 1611; x_wconf 90' lang='lat' dir='ltr'>testium</span> <span class='ocrx_word' id='word_1_252' title='bbox 645 1591 820 1612; x_wconf 85' lang='lat' dir='ltr'>numerum</span> <span class='ocrx_word' id='word_1_253' title='bbox 847 1581 982 1621; x_wconf 84' lang='lat' dir='ltr'>attinet,</span> <span class='ocrx_word' id='word_1_254' title='bbox 1016 1582 1234 1625; x_wconf 87' lang='lat' dir='ltr'>antiquissima</span> <span class='ocrx_word' id='word_1_255' title='bbox 1261 1583 1326 1627; x_wconf 89' lang='lat' dir='ltr'>jam</span> <span class='ocrx_word' id='word_1_256' title='bbox 1360 1589 1454 1615; x_wconf 87' lang='lat' dir='ltr'>aetate</span> 
     </span>
     <span class='ocr_line' id='line_1_27' title="bbox 124 1630 1455 1679; baseline 0.006 -19"><span class='ocrx_word' id='word_1_257' title='bbox 124 1630 193 1661; x_wconf 88' lang='lat' dir='ltr'>haec</span> <span class='ocrx_word' id='word_1_258' title='bbox 213 1632 369 1662; x_wconf 88' lang='lat' dir='ltr'>sententia</span> <span class='ocrx_word' id='word_1_259' title='bbox 394 1631 549 1672; x_wconf 87' lang='lat' dir='ltr'>obtinuit;</span> <span class='ocrx_word' id='word_1_260' title='bbox 575 1633 708 1675; x_wconf 87' lang='lat' dir='ltr'>plurimi</span> <span class='ocrx_word' id='word_1_261' title='bbox 731 1645 806 1665; x_wconf 91' lang='lat' dir='ltr'>cum</span> <span class='ocrx_word' id='word_1_262' title='bbox 832 1635 946 1666; x_wconf 88' lang='lat' dir='ltr'>veteris</span> <span class='ocrx_word' id='word_1_263' title='bbox 967 1641 1038 1666; x_wconf 92' lang='lat' dir='ltr'>tum</span> <span class='ocrx_word' id='word_1_264' title='bbox 1062 1636 1247 1667; x_wconf 89' lang='lat' dir='ltr'>recentioris</span> <span class='ocrx_word' id='word_1_265' title='bbox 1267 1637 1325 1669; x_wconf 86' lang='lat' dir='ltr'>aevi</span> <span class='ocrx_word' id='word_1_266' title='bbox 1347 1636 1455 1679; x_wconf 80' lang='lat' dir='ltr'>philo-</span> 
     </span>
     <span class='ocr_line' id='line_1_28' title="bbox 124 1683 1454 1732; baseline 0.005 -18"><span class='ocrx_word' id='word_1_267' title='bbox 124 1683 215 1727; x_wconf 88' lang='lat' dir='ltr'>sophi</span> <span class='ocrx_word' id='word_1_268' title='bbox 234 1684 264 1715; x_wconf 89' lang='lat' dir='ltr'>ei</span> <span class='ocrx_word' id='word_1_269' title='bbox 285 1695 474 1717; x_wconf 90' lang='lat' dir='ltr'>consensum</span> <span class='ocrx_word' id='word_1_270' title='bbox 493 1685 720 1728; x_wconf 83' lang='lat' dir='ltr'>praebuerunt3</span> <span class='ocrx_word' id='word_1_271' title='bbox 744 1687 891 1720; x_wconf 89' lang='lat' dir='ltr'>omnibus</span> <span class='ocrx_word' id='word_1_272' title='bbox 911 1688 1052 1731; x_wconf 90' lang='lat' dir='ltr'>denique</span> <span class='ocrx_word' id='word_1_273' title='bbox 1067 1694 1099 1720; x_wconf 87' lang='lat' dir='ltr'>et</span> <span class='ocrx_word' id='word_1_274' title='bbox 1120 1689 1253 1732; x_wconf 87' lang='lat' dir='ltr'>singulis</span> <span class='ocrx_word' id='word_1_275' title='bbox 1270 1689 1454 1721; x_wconf 89' lang='lat' dir='ltr'>hominibus</span> 
     </span>
     <span class='ocr_line' id='line_1_29' title="bbox 124 1737 1454 1783; baseline 0.006 -16"><span class='ocrx_word' id='word_1_276' title='bbox 124 1742 221 1780; x_wconf 87' lang='lat' dir='ltr'>atque</span> <span class='ocrx_word' id='word_1_277' title='bbox 245 1737 377 1780; x_wconf 88' lang='lat' dir='ltr'>integris</span> <span class='ocrx_word' id='word_1_278' title='bbox 401 1739 583 1771; x_wconf 88' lang='lat' dir='ltr'>nationibus</span> <span class='ocrx_word' id='word_1_279' title='bbox 607 1746 678 1773; x_wconf 87' lang='lat' dir='ltr'>tum</span> <span class='ocrx_word' id='word_1_280' title='bbox 706 1741 842 1773; x_wconf 78' lang='lat' dir='ltr'>excultis</span> <span class='ocrx_word' id='word_1_281' title='bbox 867 1748 936 1774; x_wconf 91' lang='lat' dir='ltr'>tum</span> <span class='ocrx_word' id='word_1_282' title='bbox 960 1742 1101 1774; x_wconf 88' lang='lat' dir='ltr'>barbaris</span> <span class='ocrx_word' id='word_1_283' title='bbox 1128 1743 1222 1774; x_wconf 87' lang='lat' dir='ltr'>insita</span> <span class='ocrx_word' id='word_1_284' title='bbox 1249 1743 1324 1775; x_wconf 88' lang='lat' dir='ltr'>fuit.</span> <span class='ocrx_word' id='word_1_285' title='bbox 1358 1743 1454 1783; x_wconf 88' lang='lat' dir='ltr'>Quod</span> 
     </span>
     <span class='ocr_line' id='line_1_30' title="bbox 125 1791 1451 1840; baseline 0.005 -19"><span class='ocrx_word' id='word_1_286' title='bbox 125 1800 226 1832; x_wconf 90' lang='lat' dir='ltr'>quum</span> <span class='ocrx_word' id='word_1_287' title='bbox 249 1802 290 1822; x_wconf 76' lang='lat' dir='ltr'>ex</span> <span class='ocrx_word' id='word_1_288' title='bbox 312 1791 566 1834; x_wconf 64' lang='lat' dir='ltr'>praecedentibus</span> <span class='ocrx_word' id='word_1_289' title='bbox 587 1794 659 1825; x_wconf 91' lang='lat' dir='ltr'>satis</span> <span class='ocrx_word' id='word_1_290' title='bbox 682 1794 802 1838; x_wconf 88' lang='lat' dir='ltr'>liquet,</span> <span class='ocrx_word' id='word_1_291' title='bbox 827 1806 893 1827; x_wconf 91' lang='lat' dir='ltr'>non</span> <span class='ocrx_word' id='word_1_292' title='bbox 919 1795 1066 1829; x_wconf 85' lang='lat' dir='ltr'>dubitare</span> <span class='ocrx_word' id='word_1_293' title='bbox 1086 1807 1274 1840; x_wconf 65' lang='lat' dir='ltr'>possunth,</span> <span class='ocrx_word' id='word_1_294' title='bbox 1303 1797 1383 1840; x_wconf 80' lang='lat' dir='ltr'>quin</span> <span class='ocrx_word' id='word_1_295' title='bbox 1407 1798 1451 1838; x_wconf 91' lang='lat' dir='ltr'>ii,</span> 
     </span>
    </p>
   </div>
   <div class='ocr_carea' id='block_1_3' title="bbox 128 1864 1452 1877">
    <p class='ocr_par' dir='ltr' id='par_1_4' title="bbox 128 1864 1452 1877">
     <span class='ocr_line' id='line_1_31' title="bbox 128 1864 1452 1877; baseline 0 743"><span class='ocrx_word' id='word_1_296' title='bbox 128 1864 1452 1877; x_wconf 95' lang='lat' dir='ltr'> </span> 
     </span>
    </p>
   </div>
   <div class='ocr_carea' id='block_1_4' title="bbox 122 1903 1451 2015">
    <p class='ocr_par' dir='ltr' id='par_1_5' title="bbox 122 1903 1451 2015">
     <span class='ocr_line' id='line_1_32' title="bbox 184 1903 1451 1943; baseline 0.009 -18"><span class='ocrx_word' id='word_1_297' title='bbox 184 1903 228 1932; x_wconf 80' lang='grc' dir='ltr'>(ι)</span> <span class='ocrx_word' id='word_1_298' title='bbox 243 1903 297 1926; x_wconf 90' lang='lat' dir='ltr'>Cic.</span> <span class='ocrx_word' id='word_1_299' title='bbox 317 1904 389 1928; x_wconf 71' lang='lat' dir='ltr'>Tuae.</span> <span class='ocrx_word' id='word_1_300' title='bbox 407 1911 492 1936; x_wconf 82' lang='lat' dir='ltr'>quaest.</span> <span class='ocrx_word' id='word_1_301' title='bbox 509 1907 530 1930; x_wconf 77' lang='grc' dir='ltr'>Ι.</span> <span class='ocrx_word' id='word_1_302' title='bbox 549 1909 572 1930; x_wconf 86' lang='grc' dir='ltr'>Ι.</span> <span class='ocrx_word' id='word_1_303' title='bbox 590 1915 613 1930; x_wconf 88' lang='lat' dir='ltr'>c.</span> <span class='ocrx_word' id='word_1_304' title='bbox 631 1909 658 1931; x_wconf 82' lang='lat'>13</span> <span class='ocrx_word' id='word_1_305' title='bbox 672 1908 699 1931; x_wconf 90' lang='lat' dir='ltr'>in</span> <span class='ocrx_word' id='word_1_306' title='bbox 711 1909 778 1932; x_wconf 86' lang='lat' dir='ltr'>med.</span> <span class='ocrx_word' id='word_1_307' title='bbox 800 1914 824 1933; x_wconf 81' lang='lat' dir='ltr'>et</span> <span class='ocrx_word' id='word_1_308' title='bbox 845 1910 871 1933; x_wconf 78' lang='lat'>15</span> <span class='ocrx_word' id='word_1_309' title='bbox 887 1910 913 1933; x_wconf 85' lang='lat' dir='ltr'>in</span> <span class='ocrx_word' id='word_1_310' title='bbox 927 1910 985 1933; x_wconf 87' lang='lat' dir='ltr'>fine.</span> <span class='ocrx_word' id='word_1_311' title='bbox 1008 1910 1117 1942; x_wconf 75' lang='lat' dir='ltr'>Attingit</span> <span class='ocrx_word' id='word_1_312' title='bbox 1132 1910 1206 1934; x_wconf 79' lang='lat' dir='ltr'>etiam</span> <span class='ocrx_word' id='word_1_313' title='bbox 1223 1911 1268 1935; x_wconf 90' lang='lat' dir='ltr'>hoc</span> <span class='ocrx_word' id='word_1_314' title='bbox 1282 1916 1451 1943; x_wconf 80' lang='lat' dir='ltr'>argumentum</span> 
     </span>
     <span class='ocr_line' id='line_1_33' title="bbox 122 1942 1033 1980; baseline 0.01 -16"><span class='ocrx_word' id='word_1_315' title='bbox 122 1942 195 1966; x_wconf 72' lang='lat' dir='ltr'>Plato</span> <span class='ocrx_word' id='word_1_316' title='bbox 211 1942 237 1965; x_wconf 85' lang='lat' dir='ltr'>in</span> <span class='ocrx_word' id='word_1_317' title='bbox 254 1942 389 1974; x_wconf 70' lang='lat' dir='ltr'>Phaedone,</span> <span class='ocrx_word' id='word_1_318' title='bbox 410 1945 529 1976; x_wconf 67' lang='lat' dir='ltr'>Phaedro,</span> <span class='ocrx_word' id='word_1_319' title='bbox 546 1947 652 1979; x_wconf 80' lang='lat' dir='ltr'>Timaeo,</span> <span class='ocrx_word' id='word_1_320' title='bbox 671 1948 701 1972; x_wconf 87' lang='lat' dir='ltr'>de</span> <span class='ocrx_word' id='word_1_321' title='bbox 719 1949 816 1980; x_wconf 82' lang='lat' dir='ltr'>republ.</span> <span class='ocrx_word' id='word_1_322' title='bbox 835 1950 855 1973; x_wconf 88' lang='lat'>1.</span> <span class='ocrx_word' id='word_1_323' title='bbox 875 1951 912 1972; x_wconf 90' lang='lat'>11.</span> <span class='ocrx_word' id='word_1_324' title='bbox 931 1949 1033 1980; x_wconf 83' lang='lat' dir='ltr'>passim.</span> 
     </span>
     <span class='ocr_line' id='line_1_34' title="bbox 183 1983 464 2015; baseline 0.014 -11"><span class='ocrx_word' id='word_1_325' title='bbox 183 1984 225 2011; x_wconf 84' lang='lat'>(2)</span> <span class='ocrx_word' id='word_1_326' title='bbox 241 1983 328 2006; x_wconf 76' lang='lat' dir='ltr'>Seneca</span> <span class='ocrx_word' id='word_1_327' title='bbox 348 1991 388 2014; x_wconf 83' lang='lat' dir='ltr'>ep.</span> <span class='ocrx_word' id='word_1_328' title='bbox 410 1992 464 2015; x_wconf 87' lang='lat'>¹¹7·</span> 
     </span>
    </p>
   </div>
   <div class='ocr_carea' id='block_1_5' title="bbox 183 2023 895 2060">
    <p class='ocr_par' dir='ltr' id='par_1_6' title="bbox 183 2023 895 2060">
     <span class='ocr_line' id='line_1_35' title="bbox 183 2023 895 2060; baseline 0.01 -15"><span class='ocrx_word' id='word_1_329' title='bbox 183 2023 228 2052; x_wconf 84' lang='lat'>(3)</span> <span class='ocrx_word' id='word_1_330' title='bbox 243 2023 285 2046; x_wconf 80' lang='lat' dir='ltr'>Cf.</span> <span class='ocrx_word' id='word_1_331' title='bbox 305 2024 442 2048; x_wconf 76' lang='lat' dir='ltr'>Gassentlus</span> <span class='ocrx_word' id='word_1_332' title='bbox 456 2025 571 2058; x_wconf 80' lang='lat' dir='ltr'>physic.,</span> <span class='ocrx_word' id='word_1_333' title='bbox 591 2032 649 2052; x_wconf 79' lang='lat' dir='ltr'>sect.</span> <span class='ocrx_word' id='word_1_334' title='bbox 669 2030 720 2052; x_wconf 88' lang='lat'>111.</span> <span class='ocrx_word' id='word_1_335' title='bbox 736 2028 784 2052; x_wconf 86' lang='lat' dir='ltr'>lib.</span> <span class='ocrx_word' id='word_1_336' title='bbox 805 2029 828 2051; x_wconf 89' lang='lat' dir='ltr'>X</span> <span class='ocrx_word' id='word_1_337' title='bbox 843 2036 895 2060; x_wconf 83' lang='lat' dir='ltr'>seq.</span> 
     </span>
    </p>
   </div>
   <div class='ocr_carea' id='block_1_6' title="bbox 1109 2072 1127 2101">
    <p class='ocr_par' dir='ltr' id='par_1_7' title="bbox 1109 2072 1127 2101">
     <span class='ocr_line' id='line_1_36' title="bbox 1109 2072 1127 2101; textangle 90"><span class='ocrx_word' id='word_1_338' title='bbox 1109 2072 1127 2101; x_wconf 68' lang='lat'>01</span> 
     </span>
    </p>
   </div>
  </div>
 </body>
</html>
