1747 2620
876 257 989 300 (38)

274 344 426 366 venosum
451 333 610 377 systemati
635 332 774 375 capillari
800 330 977 374 pulmonali
1002 331 1242 370 transmittunt3
1274 333 1307 362 in
1330 330 1384 361 illo
1409 331 1537 374 quidem
1563 333 1598 364 fit

273 388 518 419 communicatio
533 387 694 430 sanguinis
711 397 785 417 cum
805 387 893 423 aere,
920 391 1064 416 mutatur
1081 385 1209 427 sanguis
1229 390 1262 415 et
1284 395 1341 427 per
1357 395 1451 417 venas
1467 384 1597 427 pulmo-

272 441 359 472 nales
380 441 465 472 cordi
487 440 642 471 redditur.
666 440 787 470 Ductus
806 438 933 468 aeriferi
952 449 969 468 a
991 437 1117 468 trachea
1138 438 1313 480 incipiunt,
1336 449 1407 480 quae
1426 438 1528 469 solum
1550 444 1597 469 est

273 495 568 527 communicationis
594 493 734 524 medium
756 492 840 522 inter
866 490 956 521 binos
979 491 1165 533 pulmones,
1191 497 1294 521 totum
1319 490 1495 522 multifarie
1520 491 1597 533 pul-

272 560 399 580 monem
432 552 639 590 perreptant3
676 550 820 576 auctores
848 543 969 586 aliqui,
997 545 1046 575 uti
1071 545 1267 587 Malpigius
1298 550 1330 575 et
1362 545 1469 580 Keil,
1505 544 1597 576 aiunt

271 603 336 644 ipsa
359 600 508 631 bronchia
537 598 682 631 vesiculis
707 597 889 636 terminari,
921 597 955 627 in
979 596 1096 639 quibus
1121 597 1268 640 oxydatio
1296 597 1460 639 sanguinis
1487 597 1595 629 locum

271 654 382 693 habet,
408 653 460 684 alii
481 653 608 684 illarum
635 651 823 682 cellularum
849 651 1048 681 existentiam
1071 652 1103 681 in
1130 650 1264 682 dubium
1291 656 1437 693 ponunt,
1463 651 1596 692 plurimi

271 708 359 739 illam
387 713 505 749 negant
529 706 592 747 (1):
630 705 789 748 quidquid
818 704 850 735 id
874 710 938 743 est,
966 715 1023 746 per
1054 704 1165 735 ductos
1194 704 1250 734 hos
1278 703 1428 734 aei-iseros
1457 703 1596 735 fluidum

271 762 419 804 sanguini
445 759 625 791 elaborandi
648 765 759 801 aptum
781 759 813 788 in
835 757 1041 800 pulmonibus
1059 757 1294 796 introducitur,
1316 758 1349 787 in
1372 758 1513 799 ipsorum
1536 769 1596 799 pa-

271 815 403 847 rietibus
424 815 495 846 haec
520 813 689 845 elaboratio
711 813 820 844 locum
841 811 954 850 habet,
984 817 1016 842 et
1039 811 1098 853 ipsi
1123 810 1263 852 denique
1288 810 1372 841 viam
1397 810 1462 840 aeri
1487 810 1596 842 inutili

272 875 360 900 extra
386 868 553 910 pulmones
577 865 767 896 concedunt.
804 865 988 896 Membrana
1013 865 1061 895 uti
1086 864 1148 907 jam
1175 863 1314 894 diximus
1340 862 1468 894 mucosa
1492 862 1597 895 obdu-

271 928 410 960 cuntur,
438 920 530 964 cujus
556 919 678 950 functio
704 918 792 949 nobis
814 917 1079 948 considerationes
1100 916 1208 957 magni
1233 917 1386 946 momenti
1410 916 1520 946 affert:
1547 918 1595 948 uti

271 976 382 1018 pleura
404 980 589 1013 externum,
609 973 653 1003 sic
674 972 741 1003 haec
762 972 925 1002 internum
947 970 1139 1012 pulmonum
1159 969 1276 999 format
1292 969 1509 1008 involucrum,
1530 970 1596 1011 ipsa

270 1028 358 1059 sedes
380 1033 426 1058 est
446 1027 575 1058 maximi
597 1025 810 1068 respirationis
833 1023 1052 1066 phaenomeni,
1075 1022 1259 1053 mutationis
1277 1021 1398 1052 scilicet
1415 1022 1594 1063 sanguinis3

270 1082 354 1112 latex
381 1082 467 1112 enim
495 1079 596 1111 vitalis
623 1079 702 1109 aeris
725 1077 885 1108 inssuxum
906 1076 1031 1107 nonnisi
1060 1082 1145 1106 trans
1170 1075 1386 1106 membranam
1407 1076 1498 1106 istam
1521 1088 1596 1107 mu—

271 1146 374 1166 cosam
397 1134 539 1176 recipere
564 1133 668 1171 valet,
697 1130 954 1174 quandoquidem
969 1154 977 1169 ,
1004 1130 1052 1161 uti
1079 1128 1174 1172 vulgo
1199 1128 1361 1167 creditur,
1386 1130 1439 1158 ae‘r
1460 1135 1497 1159 ut
1521 1140 1596 1160 san—-

271 1189 402 1231 guinem
418 1187 531 1218 afliciat
553 1197 592 1217 ex
611 1185 760 1216 ductibus
779 1185 921 1215 a'e'riferis
940 1195 1003 1214 non
1024 1189 1126 1214 exeat.
1149 1183 1190 1213 Et
1209 1183 1250 1221 si,
1272 1188 1309 1213 ut
1326 1181 1424 1224 aliqui
1440 1182 1595 1222 credunt,

269 1244 323 1273 ae'r
338 1241 483 1283 sanguini
495 1250 552 1281 per
565 1238 797 1280 absorptionem
810 1237 1095 1275 transmitteretur,
1115 1236 1174 1266 hac
1194 1234 1377 1266 membrana
1393 1237 1593 1277 praecipuum

268 1295 359 1325 istius
379 1291 585 1335 absorptionis
604 1292 722 1322 iterum
743 1296 824 1321 esset
848 1301 1015 1332 organum.
1044 1288 1125 1319 Vasa
1150 1289 1284 1319 aerifera
1305 1287 1416 1332 majori
1437 1289 1596 1320 sensibili-

269 1355 333 1380 tate
354 1347 495 1390 gaudent
515 1357 611 1389 quam
631 1351 752 1376 caeterae
776 1344 935 1387 pulmonis
956 1349 1074 1386 parteS,
1104 1341 1364 1385 quandoquidem
1381 1342 1455 1384 ipsis
1481 1343 1594 1384 praeci—

268 1413 332 1445 pue
359 1407 390 1432 et
414 1401 505 1431 nervi
530 1405 562 1430 et
587 1410 657 1431 vasa
689 1397 937 1428 distribuantur..
973 1395 1142 1427 Glandulae
1174 1394 1373 1426 bronchiales
1401 1395 1595 1437 multiplices

267 1462 342 1487 sunt
365 1455 397 1485 in
421 1454 610 1496 pulmonum
637 1457 739 1483 textu.
770 1450 872 1481 Hodie
904 1450 957 1482 vix
980 1448 1145 1480 dubitatur
1169 1449 1247 1491 quin
1273 1448 1322 1479 hae
1348 1448 1530 1490 pertineant
1555 1449 1594 1480 ad

269 1514 457 1551 apparatum
480 1505 711 1537 absorbentem.

313 1561 438 1592 Pleurae
457 1559 625 1602 pulmones
650 1558 866 1601 undequaque
887 1555 1151 1595 circumducunt,
1172 1555 1254 1597 ipsos
1274 1555 1456 1594 continent,
1477 1554 1594 1586 horum

267 1615 382 1647 limites
403 1613 686 1650 circumscribunt,
710 1612 830 1653 hosque
855 1622 871 1640 a
898 1609 1071 1652 parietibus
1094 1608 1244 1640 Thoracis
1268 1614 1434 1651 separant;
1459 1619 1517 1651 per
1541 1609 1593 1639 fa-

269 1669 349 1699 ciem
374 1678 463 1697 suam
487 1666 646 1696 internam
667 1665 818 1695 continuo
844 1663 1012 1694 humorem
1033 1673 1173 1693 serosum
1196 1661 1368 1701 exhalant,
1395 1662 1452 1704 qui
1475 1662 1592 1692 faciem

269 1721 460 1764 pulmonum
495 1718 677 1749 lubrificans
713 1718 853 1759 ipsorum
890 1715 1027 1747 motibus
1062 1728 1158 1758 quam
1199 1716 1337 1747 maxime
1369 1714 1467 1746 favet.
1508 1714 1593 1745 Mota

269 1775 454 1819 nuperrime
482 1772 547 1803 fuit
577 1772 707 1815 quaestio
731 1783 810 1802 num
836 1781 946 1802 revera
971 1770 1025 1801 ille
1049 1770 1167 1801 humor
1194 1768 1360 1800 exhalatus
1391 1768 1592 1809 respirationi

269 1827 440 1862 efficiendae
462 1825 655 1857 necessarius
678 1826 731 1865 sit,
754 1835 813 1855 nec
833 1824 896 1855 ne?
921 1824 1006 1855 Num
1029 1824 1192 1866 respiratio
1213 1821 1352 1853 sensibili
1374 1821 1466 1852 modo
1488 1822 1593 1864 impe-

266 1894 1584 1911 “-ffl———ss—

328 1941 373 1970 (1)
388 1941 495 1963 Tantum
515 1937 580 1960 abest
596 1941 623 1959 ut
641 1936 732 1964 Home,
757 1940 851 1959 naturae
869 1939 988 1959 scrutator
1008 1942 1081 1965 quam
1101 1934 1300 1957 celebratissimus
1318 1933 1343 1955 in
1363 1932 1465 1963 Anglia‚
1493 1932 1591 1954 illarum

268 1981 411 2005 cellurarum
429 1978 582 2002 existentium
601 1981 683 2007 neget,
707 1975 767 2006 quin
784 1976 795 1998 ὲ
817 1980 900 1998 contra
921 1975 975 1997 illas
997 1974 1084 1997 vidisse
1104 1981 1126 1996 se
1146 1978 1257 2000 testetur;
1285 1973 1334 1995 imo
1353 1972 1544 1995 dissertationem
1563 1971 1592 1993 de

268 2022 320 2044 isus
333 2018 474 2049 conscripsit
490 2017 515 2040 in
531 2016 708 2046 Philosophicis
718 2015 945 2043 Transaciiouibus,
955 2014 1030 2037 Parl-
1045 2015 1071 2036 I.
1090 2021 1150 2036 ann.
1165 2013 1235 2042 1827,
1249 2013 1273 2035 in
1287 2013 1334 2042 qua
1348 2012 1435 2042 egregii
1446 2015 1502 2033 sunt
1514 2011 1591 2032 icones

267 2061 366 2084 cellulas
381 2060 438 2082 isias
452 2058 605 2083 exhibentes,
623 2064 725 2087 quorum
740 2057 856 2080 diameter
872 2056 936 2078 400⁰
952 2059 1020 2077 aucta
1030 2058 1078 2082 est3
1088 2058 1111 2076 et
1122 2053 1309 2077 curiosissimum
1324 2052 1420 2083 quidem
1433 2050 1525 2080 aliquid
1541 2057 1590 2080 prae

267 2110 290 2125 se
309 2101 422 2125 ferentes.
