1747 2620
683 285 796 327 (63)

77 372 96 392 ))
114 361 221 393 Octies
244 361 309 393 fuit
332 371 422 393 venae
447 360 544 392 sectio
566 358 711 390 instituta
735 359 817 389 intra
846 360 985 402 spatium
1008 360 1290 403 viginti-quatuor
1314 361 1411 392 hora-

77 427 96 447 »
112 428 204 455 rum,
233 415 426 458 impossibile
455 415 520 447 fuit
545 413 708 447 claviculae
733 419 829 456 atque
856 414 948 444 costis
967 414 1128 456 applicare
1149 420 1338 457 apparatum
1358 426 1410 446 so-

76 480 96 500 »
112 468 223 509 litum,
245 469 366 512 quippe
387 470 461 511 quia
484 474 640 512 aegrotans
659 467 815 511 nequibat
835 468 868 498 in
890 468 955 499 ulla
981 468 1040 500 alifi
1061 475 1152 512 parte
1176 470 1235 500 nisi
1264 470 1298 500 in
1322 469 1412 500 dorso

76 534 96 554 »
112 523 317 555 decumbere.
354 523 530 566 Respiratio
552 523 591 554 de
613 529 756 566 tempore
774 523 808 553 in
830 528 957 566 tempus
987 523 1079 554 anxia
1104 529 1136 554 et
1159 522 1293 554 difficilis
1328 529 1411 562 erat,

76 588 95 608 )>
111 577 189 608 huic
209 576 412 608 incommodo
433 583 469 608 ut
490 577 716 616 obveniretur,
741 576 823 607 infra
847 588 962 608 cavum
983 577 1161 620 popliteum
1186 578 1324 620 positum
1349 578 1414 609 fuit

76 642 95 662 ³)
112 631 276 674 pulvinar,
299 631 341 663 ita
358 624 396 663 ut
411 631 500 662 flexis
520 630 668 663 cruribus
688 629 805 673 jaceret
825 636 995 672 aegrotans3
1018 642 1082 673 quo
1098 631 1182 662 facto
1198 631 1413 662 abdominales

75 696 95 716 ³>
114 684 252 716 musculi
272 685 499 717 relaxabantur
518 691 550 716 et
565 685 721 716 eximium
737 684 782 715 sic
802 684 949 715 levamen
973 685 1036 715 fuit
1052 685 1130 716 huic
1151 686 1265 717 misero
1283 697 1414 717 conces-

74 729 94 769 ἡ
110 749 193 770 sum.
220 739 256 769 In
277 738 376 770 hocce
395 740 458 770 situ
475 738 576 769 tribus
594 737 847 769 hebdomadibus
866 739 1037 778 remansit3
1060 739 1174 769 sensim
1192 738 1413 781 paulatimque

74 803 94 823 ))
110 791 149 823 ad
167 791 281 824 melius
300 804 484 835 progressus
500 798 563 831 θεῖς
586 792 683 823 situm
697 803 792 823 suum
812 797 919 834 postea
936 793 1074 824 mutavit
1092 798 1124 824 et
1140 792 1270 824 demum
1287 794 1414 824 sanitati

74 846 175 878 »fuit
195 846 394 878 restitutus?
430 847 490 877 Hic
510 846 675 878 mirandus
696 858 807 878 revera
829 857 919 877 casus
941 845 1054 888 probat
1074 846 1183 889 plures
1204 853 1303 878 costas
1325 858 1414 890 posse

73 899 179 944 frangi
198 901 277 943 quin
299 900 416 932 exinde
434 912 517 931 mors
536 906 705 943 sequatur3
729 900 783 931 sed
805 900 1012 931 manifestum
1033 901 1128 932 etiam
1145 907 1192 932 est
1210 912 1249 932 ex
1272 902 1338 944 ipsa
1360 913 1414 933 re—

73 953 191 985 latione
213 960 312 985 costas
338 953 407 984 illas
433 954 549 984 fractas
575 954 691 992 fuisse,
718 954 838 996 absque
862 954 928 985 ulla
957 954 1200 998 complicatione
1224 956 1411 998 insigniori,

73 1007 163 1038 nulla
184 1008 271 1039 enim
294 1013 505 1051 symptomata
529 1007 706 1050 periculosa
733 1009 922 1050 apparuere.

120 1061 290 1105 Quidquid
308 1062 341 1093 id
361 1068 421 1102 est,
445 1073 504 1105 per
522 1073 555 1093 se
576 1068 733 1093 costarum
753 1062 904 1094 fracturae
919 1074 983 1093 non
999 1062 1132 1094 lethales
1149 1070 1241 1103 sunt,
1262 1063 1316 1094 sed
1338 1063 1412 1094 talia

73 1114 142 1146 fieri
159 1121 294 1157 possunt
314 1115 558 1158 complicatione
574 1116 646 1154 sua,
669 1122 702 1147 et
720 1127 757 1147 eo
775 1115 878 1159 majus
898 1117 960 1148 erit
975 1118 1175 1160 periculum,
1198 1129 1265 1160 quo
1284 1119 1412 1161 gravius

1224 1173 1270 1215 gis
1290 1173 1330 1202 sit
1353 1183 1413 1203 ne-

72 1223 256 1254 cessarium.
283 1223 469 1254 Generatim
491 1223 592 1267 majus
608 1224 762 1255 damnum
779 1236 844 1267 prae
859 1235 891 1255 se
912 1225 1023 1256 ferunt
1040 1225 1183 1267 plurium
1201 1237 1297 1268 quam
1316 1227 1413 1258 unius

71 1167 263 1200 vulneretur
285 1180 458 1212 organum,
481 1175 512 1200 et
533 1181 597 1212 quo
613 1170 695 1201 illud
716 1170 755 1201 ad
776 1171 874 1202 vitam
892 1171 1148 1202 inter-tinendum
1170 1183 1219 1202 ma

71 1283 164 1309 costae
178 1277 347 1317 fracturae3
364 1277 426 1308 illae
442 1289 580 1320 quarum
598 1277 777 1320 fragmenta
793 1278 879 1309 intus
894 1279 1077 1320 prominent
1092 1280 1252 1321 graviores
1268 1280 1412 1322 sequelas

71 1336 142 1375 post
153 1342 186 1362 se
198 1331 342 1370 trahunt,
351 1342 447 1374 quam
460 1331 521 1362 illae
533 1342 670 1374 quarum
684 1331 863 1374 fragmenta
876 1333 1032 1364 exteriora
1045 1344 1153 1365 versus
1161 1333 1412 1377 diriguntur(l);

71 1397 111 1417 ex
133 1397 171 1417 eo
192 1385 279 1429 quod
300 1385 369 1417 haec
390 1397 449 1429 per
470 1397 595 1417 causam
617 1386 717 1429 ipsam
739 1385 943 1429 frangentem
965 1387 998 1417 in
1021 1387 1166 1430 pleuram
1189 1394 1221 1419 et
1243 1387 1412 1430 pulmones

70 1438 303 1482 impelluntur,
323 1445 355 1470 et
369 1439 444 1470 inde
463 1439 516 1470 illa
537 1451 653 1483 organa
671 1439 804 1471 lacerari
820 1447 952 1483 possunt
969 1441 1019 1473 vel
1033 1441 1240 1473 inflammari:
1257 1448 1411 1485 praeterea

73 1495 126 1524 aer
145 1494 179 1524 in
203 1493 324 1536 pleurae
348 1494 518 1525 cavitatem
544 1493 684 1538 expandi
712 1500 833 1538 potest,
859 1500 891 1525 et
913 1495 946 1525 in
971 1496 1070 1538 ipsam
1099 1496 1196 1526 telam
1224 1496 1411 1527 cellularem

74 1548 263 1578 exteriorem
282 1548 419 1590 pectoris
439 1554 609 1590 penetrare
629 1548 688 1592 (2).
723 1549 873 1592 Denique
891 1550 1111 1593 fragmentum
1132 1551 1219 1582 intus
1245 1557 1410 1593 spectan5‚

73 1600 223 1631 arteriam
244 1601 478 1641 intercostalern
499 1602 640 1634 lacerare
667 1603 772 1643 valet,
800 1610 833 1635 et
858 1604 1125 1648 haemorrhagiam
1149 1604 1322 1648 aliquando
1347 1610 1412 1635 tam

73 1664 203 1696 gravem
230 1654 425 1696 producere,
455 1661 509 1695 ut,
537 1657 598 1688 nisi
624 1658 772 1700 protinus
794 1659 824 1690 ei
849 1659 1033 1699 medeatur,
1063 1666 1200 1691 mortem
1226 1666 1414 1703 provocaret

71 1713 254 1750 promptam
279 1714 379 1751 atque
397 1715 539 1753 certam3
569 1712 603 1742 in
626 1711 724 1744 hocce
751 1719 860 1745 autem
884 1725 959 1745 casu
985 1713 1105 1757 absque
1127 1714 1193 1745 ulla
1215 1714 1412 1745 haesitatione

73 1760 266 1792 incidendus
288 1767 336 1792 est
357 1762 510 1796 fracturae
531 1764 639 1806 locus²
665 1767 876 1809 quaerendum
900 1780 953 1800 vas
976 1769 1165 1811 sanguinem
1190 1768 1410 1812 p1·osundenS‚

76 1820 108 1847 et
126 1815 177 1848 vel
197 1817 493 1860 comprimendum,
513 1819 582 1859 vel,
605 1820 693 1864 quod
713 1822 845 1863 melius,
871 1822 1009 1866 ligatur-21
1036 1822 1321 1865 constringendum
1343 1828 1409 1861 est3

75 1874 106 1901 et
121 1870 248 1902 tandem
271 1872 399 1915 sanguis
417 1873 474 1915 qui
493 1874 527 1904 in
548 1874 692 1908 Thorace
714 1877 869 1920 profluxit
891 1889 930 1909 ex
949 1877 1064 1908 arteria
1086 1876 1174 1915 laesfi,
1201 1876 1276 1907 inde
1302 1883 1410 1908 extra—

73 1922 198 1956 hendus
213 1931 260 1957 est
274 1927 484 1970 empyematis
499 1930 683 1973 operatione
704 1931 762 1974 (3.)
788 1932 821 1964 Si
842 1944 931 1964 nunc
952 1937 1110 1962 costarum
1132 1930 1310 1974 fragmenta
1333 1931 1409 1962 acteo

133 2038 165 2068 (ι)
183 2039 327 2072 Duverney,
345 2042 365 2064 Ι.
386 2042 405 2065 Ι.
425 2047 487 2066 tom.
507 2045 530 2066 1.
549 2052 606 2075 pag.
628 2046 682 2069 256.
707 2046 796 2075 Orfila,
814 2047 834 2069 1.
857 2047 878 2069 1.
902 2051 962 2069 tom.
982 2047 1003 2068 I.
1021 2051 1086 2076 part.
1109 2055 1132 2069 2.
1151 2055 1207 2078 pag,
1229 2048 1287 2070 050„

132 2078 165 2108 (2)
183 2079 275 2110 Buyer,
293 2081 337 2104 lib.
354 2082 437 2111 laud.‚
460 2087 518 2106 tom.
537 2086 573 2113 11,
593 2093 647 2117 pag.
664 2087 706 2116 68,
723 2087 839 2110 editionis
857 2086 1030 2111 Bruxeliensis.

132 2118 164 2149 (3)
181 2120 258 2148 Petit,
280 2122 396 2146 maladies
412 2123 453 2147 des
472 2131 511 2153 os,
531 2129 592 2148 tom.
612 2127 634 2148 1.
654 2134 712 2157 pag.
734 2128 776 2150 64.
