1747 2620
906 262 1019 305 (24)

735 376 874 396 Durssrt's
920 374 1194 396 TuonAffllicus.

345 461 380 491 In
407 461 592 492 mediastino
616 461 777 503 posteriori
802 459 873 490 bina
900 465 974 490 sunt
996 459 1186 490 nobilissima
1212 457 1317 489 adhuc
1342 469 1476 500 organa:
1508 457 1622 490 ductus

301 514 419 544 scilicet
439 513 668 550 Thowchicus,
695 519 726 543 et
745 512 969 554 OEsophagUS‚
996 523 1131 554 quorum
1150 522 1236 542 nunc
1258 511 1416 554 dispositio
1437 522 1519 554 pone
1545 511 1622 542 sub-

300 567 454 608 sequitur.
477 567 601 596 Ductus
618 565 834 595 Tliorachicus
849 565 1025 595 maximum
1043 570 1088 594 est
1104 565 1187 595 inter
1203 565 1307 596 omnia
1326 576 1395 596 vasa
1413 565 1622 608 lymphatica,

300 618 445 661 illudque
465 619 496 648 in
518 629 582 661 quo
605 624 716 649 caetera
736 623 850 649 cuncta
870 618 1063 660 lymphatica
1083 618 1267 649 confluunt:
1293 619 1433 649 nascitur
1450 618 1499 650 vel
1517 618 1623 661 potius

300 672 509 714 'proficiscitur
538 684 555 702 a
583 671 765 702 dilatatione
795 671 950 713 quadam,
986 672 1120 702 cisterna
1152 670 1304 702 lumbaris
1337 671 1437 710 (licta,
1472 670 1625 701 confluxu

300 725 456 768 majorum
478 725 688 767 quorumdam
711 736 857 757 vasorum
880 724 918 755 ad
944 723 1145 755 altitudinem
1168 724 1293 754 circiter
1317 729 1473 765 aperturae
1498 723 1623 753 a‘orticae

302 778 547 821 diaphragmatis
570 778 721 818 formatam
745 778 920 809 Thoracem
940 778 1037 808 intrat
1054 778 1137 807 inter
1158 776 1230 807 bina
1248 776 1495 819 diaphragmatis
1515 786 1622 814 crura,

300 831 386 862 aortfi
408 831 446 862 ad
471 831 598 870 laevam,
630 832 710 863 vena
736 842 846 874 azygos
872 830 911 861 ad
935 830 1077 861 dextram
1100 835 1222 872 partem
1250 829 1486 868 circumdatus,
1516 829 1624 871 sicque

300 885 528 915 concomitatus
550 884 589 914 ad
611 885 755 926 quintam
779 889 941 914 sextamve
967 882 1143 914 vertebram
1166 881 1318 913 dor-salem
1341 882 1502 924 pervenit,
1527 892 1623 923 quam

300 942 503 979 posteaquam
529 937 652 979 attigit⁷
683 936 831 967 dilatatur
865 942 897 967 et
924 935 1091 967 laevorsum
1117 936 1324 974 incurvatur3
1356 940 1440 965 retro
1471 934 1623 978 majorem

299 993 394 1021 abrtae
418 996 623 1021 curvaturam
652 1001 839 1032 proserpens
864 1000 967 1032 usque
997 988 1036 1019 ad
1063 988 1209 1019 arteriam
1235 987 1436 1019 subclaveam
1466 988 1625 1017 sinistram

301 1043 458 1082 ascendit,
483 1042 691 1087 ejusdemque
712 1042 751 1073 ad
771 1049 893 1085 partem
915 1044 1074 1073 internam
1090 1053 1184 1084 supra
1201 1040 1384 1072 musculum
1405 1040 1624 1083 longissimum

301 1095 373 1126 colli
393 1095 514 1139 jacens,
543 1102 616 1127 ante
639 1095 815 1127 vertebram
838 1096 881 1127 sic
903 1097 1068 1138 septimam
1090 1093 1277 1126 cervicalem
1298 1094 1460 1136 pervenit,
1482 1099 1624 1135 tuncque

301 1148 450 1179 inferiora
482 1154 513 1179 et
534 1149 689 1179 exteriora
722 1160 830 1180 versus
859 1159 952 1190 supra
977 1147 1183 1189 semetipsum
1214 1146 1368 1185 inflexus,
1398 1152 1482 1177 retro
1507 1157 1623 1178 venam

301 1201 481 1244 jugularem
503 1202 661 1232 internam
686 1202 859 1240 sinistram,
888 1202 969 1243 parti
995 1200 1158 1242 posteriori
1184 1209 1272 1230 venae
1293 1198 1471 1231 subclaveae
1491 1199 1624 1230 sinistrae

301 1254 440 1292 accedit,
463 1260 559 1296 atque
579 1254 623 1284 sic
644 1254 677 1284 in
699 1253 755 1284 istst
780 1253 859 1285 vena
880 1253 1021 1295 aperitur
1035 1276 1043 1291 ⁷
1066 1253 1099 1282 in
1124 1251 1235 1282 eodem
1257 1251 1324 1282 fere
1348 1250 1435 1290 loco,
1459 1262 1523 1293 quo
1545 1262 1625 1282 vena

301 1306 456 1349 jugularis
480 1306 644 1348 recipitur.
668 1306 853 1348 Irregularis
870 1304 1040 1336 admodum
1058 1305 1091 1334 in
1109 1304 1246 1335 decursu
1264 1315 1321 1335 suo
1337 1309 1384 1334 est
1403 1303 1518 1334 ductus
1538 1303 1626 1334 Tho-

300 1359 461 1398 rachicus,
492 1370 631 1401 namque
651 1370 739 1390 nunc
760 1359 894 1401 simplex
917 1364 1013 1401 atque
1037 1358 1152 1389 unicus
1177 1363 1223 1389 est
1247 1357 1384 1397 canalis,
1412 1367 1500 1388 nunc
1523 1356 1624 1388 multa

301 1412 361 1443 alia
390 1412 429 1443 ab
455 1412 603 1443 omnibus
630 1413 741 1444 vicinis
769 1412 911 1455 partibus
939 1423 1008 1444 vasa
1035 1412 1168 1453 recipit3
1203 1411 1237 1441 in
1267 1410 1321 1441 illo
1345 1410 1511 1442 individuo
1540 1410 1626 1441 idem

300 1471 397 1508 atque
415 1465 577 1497 uniforme
597 1465 748 1497 volumen
768 1471 887 1504 servat,
906 1466 939 1496 in
961 1465 1021 1496 alio
1041 1476 1059 1496 e
1080 1471 1188 1495 contra
1202 1463 1438 1495 dilatationibus
1456 1463 1532 1494 hinc
1551 1463 1626 1495 inde

302 1524 334 1549 et
360 1519 512 1560 angustiis
539 1519 730 1560 insignitum
763 1518 848 1560 apud
870 1517 1039 1549 nonnullos
1059 1519 1154 1548 etiam
1179 1528 1218 1548 ex
1241 1523 1379 1560 utroque
1403 1517 1501 1547 latere
1524 1528 1626 1547 ramos

302 1571 449 1609 dimittit,
477 1572 533 1613 qui
555 1582 627 1601 mox
651 1571 769 1602 iterum
791 1582 865 1602 cum
885 1570 985 1602 ductu
1006 1571 1150 1613 principe
1171 1570 1273 1610 uniti,
1300 1571 1438 1613 speciem
1461 1570 1506 1601 sic
1535 1570 1626 1601 insu-

302 1624 405 1655 larum
430 1625 513 1655 inter
532 1635 598 1655 sese
622 1624 847 1666 intercipiunt,
874 1635 945 1667 quae
970 1624 1013 1654 sic
1035 1635 1093 1666 per
1116 1629 1213 1655 totam
1234 1624 1332 1666 ipsius
1348 1623 1438 1655 ducti
1460 1623 1626 1654 Thoracici

301 1676 536 1720 longitudinem
557 1678 795 1708 continuantur.

822 1774 1095 1795 OESOPIIAGUS.

347 1842 557 1886 OEsophagus
576 1842 692 1874 ductus
716 1849 762 1874 est
782 1843 1222 1884 musculo-membrauaceus,
1248 1842 1500 1886 cylindroi'deus‚
1522 1842 1626 1874 direc-

303 1903 368 1927 tam
395 1896 714 1927 communicationem
739 1897 849 1928 sistens
876 1898 959 1929 inter
985 1898 1046 1929 oris
1066 1909 1181 1931 cavum
1208 1904 1240 1929 et
1263 1896 1501 1936 ventriculum3
1529 1897 1626 1939 ipsius

305 1950 435 1981 directio
457 1950 614 1981 verticalis
634 1950 702 1981 fere
726 1957 788 1990 est,
812 1951 867 1982 sed
885 1957 992 1982 tamen
1010 1951 1049 1982 ab
1073 1951 1126 1982 illa
1146 1951 1319 1983 directione
1340 1951 1446 1983 deviat
1463 1951 1570 1993 prouti
1591 1950 1626 1980 in

304 2003 405 2043 collo,
429 2003 587 2043 Thorace,
610 2003 662 2034 vel
683 2003 850 2036 abdomine
870 2005 948 2036 situs
969 2011 1026 2036 est.
1053 2005 1157 2047 Hujus
1177 2005 1293 2036 canalis
1313 2004 1490 2047 portionem
1517 2002 1626 2033 thora-

306 2057 406 2089 cicam
425 2057 521 2088 solam
537 2068 725 2100 cognoscere
743 2064 848 2090 nostra
866 2060 1007 2090 interest.
1030 2059 1231 2102 Pharyngem
1246 2058 1345 2101 igitur
1360 2067 1462 2100 quum
1474 2054 1626 2098 relinquit
