1747 2620
726 244 840 288 (37)

731 371 754 415 g
799 371 854 403 111.

187 493 409 515 ARGUMENTIUM
437 493 476 514 Ex
505 491 622 513 MORALI
651 491 749 513 MUNDI
778 490 1005 513 GUBERNATIONE
1033 492 1070 512 ET
1098 491 1208 512 ORDINE
1239 492 1383 512 PETITUM.

164 602 315 634 Vidimus
335 613 375 633 ex
398 599 655 645 praecedentibus
677 599 770 643 (cap.
796 600 835 630 II.
862 599 878 641 ᾗ
899 599 950 642 2.)
983 599 1147 631 hominem
1171 599 1275 631 indies
1308 599 1460 644 majorem

119 656 273 688 moralem
290 653 387 687 etiam
404 667 518 699 capere
537 655 780 699 perfectionem.
807 654 890 693 Quae
909 653 1040 696 quidem
1066 665 1158 693 cum,
1181 665 1245 685 non
1264 653 1461 685 obstantibus

119 710 312 754 quibusdam
333 709 574 742 difficultatibus
595 709 648 740 hic
663 708 729 739 illic
746 707 847 740 obviis
868 713 900 738 et
921 707 1011 738 nobis
1034 707 1141 738 minus
1162 707 1255 738 facile
1273 707 1461 750 intelligen-

119 765 182 805 dis,
209 765 244 796 in
268 764 471 809 singulorum
496 764 667 795 hominum
692 762 905 805 omniumque
937 762 1083 805 gentium
1112 761 1242 793 historia
1267 762 1306 793 sit
1334 762 1462 804 conspi—

118 831 196 860 cua3
221 819 316 851 facile
339 819 547 862 pervenimus
571 817 612 849 ad
636 818 800 849 notionem
818 816 945 848 moralis
970 815 1138 860 cujusdam
1164 816 1279 847 mundi
1298 816 1462 859 guberna-

116 875 221 906 tionis.
248 874 327 906 Inde
344 874 445 917 igitur
461 871 731 915 contemplatione
748 877 780 902 et
798 870 1017 902 observatione
1037 876 1227 914 argumenta
1242 871 1308 914 peti
1328 876 1461 914 possunt

117 928 311 968 theoretica,
339 926 613 971 quemadmodum
639 937 675 957 ea
702 925 764 968 jam
787 925 1006 967 exposuimus.
1038 923 1100 956 Sed
1124 925 1304 968 practicum
1330 936 1461 968 quoque

117 981 235 1012 exinde
255 982 358 1012 oritur
379 985 626 1023 argumentum,
646 979 768 1022 quippe
788 978 874 1021 quod
892 978 931 1009 ab
947 979 1014 1021 ipsa
1035 985 1141 1010 nostra
1157 979 1267 1021 legum
1289 979 1460 1010 moralium

118 1035 311 1066 conscientia
334 1034 487 1073 ductum,
513 1039 626 1076 sponte
645 1032 684 1063 ad
706 1031 864 1075 ejusmodi
887 1032 1107 1075 moralemque
1128 1032 1197 1076 ejus
1224 1032 1373 1064 omnibus
1396 1044 1462 1064 nu—

116 1089 213 1119 meris
233 1088 410 1118 absolutam
431 1086 547 1117 mundi
567 1085 835 1128 gubernationem
857 1091 890 1116 et
914 1085 1060 1116 ordinem
1081 1098 1138 1117 nos
1157 1086 1306 1117 adducat.
1335 1087 1401 1117 Hoc
1421 1097 1460 1117 ex

114 1139 380 1183 philosophorum
409 1138 536 1182 placitis
565 1138 629 1183 jam
661 1149 872 1181 exponamus.
907 1138 1010 1171 Homo
1039 1140 1138 1183 igitur
1171 1152 1245 1172 cum
1277 1146 1392 1172 natura
1422 1141 1462 1171 sit

114 1194 258 1234 moralis,
283 1194 323 1225 ad
344 1193 440 1238 longe
460 1193 561 1226 alium
587 1195 729 1237 pertinet
751 1205 861 1225 rerum
882 1193 1044 1234 ordinem,
1067 1206 1164 1237 quam
1187 1205 1284 1237 quem
1307 1206 1364 1225 nos
1385 1205 1461 1226 sen-

113 1248 201 1280 sibus
220 1249 335 1280 nostris
355 1249 564 1292 percipimus.
585 1249 621 1279 In
643 1248 698 1279 illo
720 1249 825 1288 enim,
843 1249 932 1280 nulla
949 1250 1071 1281 ratione
1091 1249 1197 1280 habita
1216 1250 1359 1292 supremi
1379 1249 1458 1293 legis

113 1304 242 1336 moralis
267 1304 407 1346 consilii,
433 1304 542 1335 omnia
566 1315 606 1335 ex
632 1303 757 1346 legibus
780 1303 918 1347 physicis
943 1304 1027 1335 fiunt
1051 1309 1084 1335 et
1103 1309 1316 1347 peraguntur.
1357 1303 1460 1335 Homo

111 1364 222 1390 autem
243 1358 368 1402 agendo
389 1370 426 1390 ea
447 1370 519 1402 quae
534 1358 680 1402 praecipit
697 1358 750 1389 lex
770 1358 913 1399 moralis,
936 1358 1114 1390 omittendo
1134 1364 1245 1390 contra
1266 1370 1338 1402 quae
1354 1365 1457 1399 vetat,

113 1413 194 1444 eniti
212 1412 324 1453 debet,
347 1418 385 1444 ut
408 1412 566 1457 ejusmodi
587 1413 702 1444 existat
722 1424 832 1445 rerum
849 1412 941 1454 ordo,
963 1424 1028 1457 quo
1048 1413 1102 1445 lex
1125 1413 1251 1445 moralis
1272 1413 1459 1445 dominetur

112 1467 207 1509 eique
233 1465 446 1511 subjiciantur
470 1478 521 1498 res
542 1467 704 1511 physicae,
730 1468 774 1500 ita
796 1467 928 1512 quidem
946 1474 984 1500 ut
1006 1468 1108 1500 omnis
1132 1479 1241 1500 rerum
1269 1468 1458 1500 universitas

112 1521 330 1562 promovendo
345 1521 432 1554 illius
450 1522 581 1553 consilio
599 1522 737 1567 ideoque
755 1523 947 1566 perfectioni
967 1523 1079 1554 morali
1095 1523 1257 1554 inserviat.
1283 1522 1459 1553 Conscien-

114 1574 157 1604 tia
175 1574 253 1606 adeo
272 1575 382 1618 legum
397 1576 569 1608 moralium
590 1576 755 1609 hominem
777 1577 874 1621 supra
892 1588 1046 1609 sensuum
1069 1577 1267 1617 dominium,
1289 1588 1338 1608 res
1355 1577 1459 1608 finitas

112 1632 210 1670 atque
238 1634 366 1672 tempus
398 1630 558 1672 positum,
589 1630 700 1663 evehit
731 1631 770 1663 ad
796 1631 850 1672 id,
882 1631 969 1675 quod
993 1631 1137 1664 sensibus
1164 1632 1288 1676 percipi
1321 1632 1457 1675 nequit,

111 1681 275 1714 infinitum
299 1688 332 1714 et
352 1689 449 1727 atque
468 1690 639 1717 aeternum.
657 1685 715 1717 Illa
736 1685 839 1726 enim,
855 1685 938 1718 duce
954 1692 986 1718 et
1006 1686 1140 1731 jubente
1160 1687 1284 1718 ratione
1299 1686 1454 1730 practica,

114 1736 265 1769 moralem
291 1738 406 1770 mundi
433 1738 701 1782 gubernationem
726 1746 759 1772 et
780 1740 926 1773 ordinem
950 1742 1098 1782 assumit3
1126 1741 1183 1785 qui
1212 1742 1237 1773 si
1268 1741 1397 1773 tandem
1421 1742 1455 1772 in

115 1788 182 1831 ipso
201 1789 332 1824 homine
352 1792 525 1834 efficiatur,
547 1806 622 1827 vera
639 1795 746 1827 existit
765 1795 942 1828 beatitudo.
967 1796 1044 1828 Haec
1061 1802 1108 1828 est
1124 1796 1291 1828 harmonia
1310 1796 1364 1828 illa
1379 1808 1456 1840 per-

115 1841 198 1873 fecta
221 1850 253 1875 et
276 1845 416 1879 absoluta
444 1859 553 1880 rerum
576 1849 784 1893 physicarum
812 1857 909 1895 atque
934 1851 1016 1895 legis
1039 1850 1186 1891 moralis3
1216 1850 1354 1894 ideoque
1382 1852 1454 1882 finis

115 1896 246 1937 fimum>
269 1912 305 1931 το
321 1901 410 1937 τέλος
431 1905 501 1935 κατ’
517 1905 651 1947 ἓξοχην,
672 1904 712 1936 ad
731 1917 828 1949 quem
849 1906 952 1937 tendit
971 1906 1073 1936 omnis
1091 1905 1261 1937 hominum
1276 1912 1408 1938 conatus
1423 1912 1455 1937 et

115 1951 207 1981 actio.
237 1951 285 1984 Ad
305 1952 387 1985 hanc
409 1956 510 1999 ipsam
530 1959 600 1989 nati
619 1970 731 1991 sumus
753 1966 786 1992 et
809 1960 978 2000 destinati3
1008 1959 1092 1991 hanc
1113 1965 1279 2004 tamquam
1307 1961 1454 1993 omnium

113 2003 213 2036 bonci
217 2017 271 2036 um
291 2018 455 2040 summum
479 2017 590 2053 petere
611 2012 776 2046 debemus.
808 2014 850 2045 At
871 2025 947 2047 vero
968 2025 1065 2046 nemo
1087 2015 1289 2056 mortalium,
1317 2016 1395 2048 dum
1419 2016 1451 2047 in

114 2057 175 2090 hoc
202 2065 360 2093 terrarum
386 2062 463 2095 orbe
493 2065 636 2098 sensibus
659 2068 841 2102 adstrictus
859 2069 940 2103 vivit
967 2069 1119 2114 agitque,
1158 2070 1256 2103 finem
1290 2070 1384 2102 illum
1421 2076 1454 2101 et
