1747 2620
900 289 912 331 (
938 291 978 321 28
1002 289 1014 331 )

341 366 383 397 X.
420 366 469 397 An
501 377 575 398 vero
609 365 758 409 injustam
787 363 941 395 libertatis
969 369 1194 395 extraneorum
1225 363 1398 407 personalis
1426 363 1630 395 violationem

298 421 470 452 constituat
493 420 678 458 extraditio,
709 431 805 462 quam
827 419 937 450 civitas
961 424 1065 448 nostra
1091 417 1158 448 aliis
1179 416 1328 460 gentibus
1353 417 1528 449 concedere
1552 429 1631 448 con-

297 475 417 513 suexit,
442 475 573 517 quaestio
593 474 672 504 tanti
695 473 847 503 momenti
868 478 930 511 est,
952 478 989 503 ut
1010 471 1165 514 peculiari
1188 472 1335 502 examine
1355 471 1451 514 digna
1470 471 1628 503 videatur.

299 530 509 571 Perspicuum
535 533 642 558 autem
670 533 734 565 est,
764 532 833 557 tum
857 525 987 556 demum
1016 525 1055 556 de
1082 526 1260 564 extraneis,
1284 525 1394 556 alienae
1418 525 1539 558 civitati
1560 525 1632 569 jure

298 582 511 621 remittendis,
533 581 739 623 quaestionem
758 580 876 611 moveri
896 591 1001 622 posse,
1022 579 1078 610 ubi
1099 580 1177 611 huic
1199 579 1280 623 justa
1302 591 1394 611 causa
1411 586 1457 611 est
1473 579 1630 624 ejusmodi

298 636 498 667 traditionem
519 627 711 678 postulandi.
728 633 905 676 Praecipuae
926 639 1033 664 autem
1050 645 1168 673 causae,
1187 634 1226 665 ob
1244 645 1322 676 quas
1337 634 1477 665 remissio
1495 633 1632 677 alicujus

297 701 438 733 personae
460 690 525 732 peti
548 688 642 728 solet,
670 688 720 719 vel
740 689 773 718 in
796 687 957 718 maleficiis
981 686 1019 717 ab
1039 687 1075 718 ea
1096 688 1301 730 perpetratis,
1328 687 1380 719 vel
1400 688 1434 718 in
1456 687 1630 719 detractato

298 744 421 775 militiae
442 743 542 773 officio
563 743 662 785 posita
681 747 767 772 sunt.
796 741 929 788 Ratione
953 739 1142 772 delictorum
1163 741 1282 785 duplex
1304 742 1354 786 jus
1377 743 1530 785 competit
1550 741 1631 773 civi-

298 798 370 836 tati,
394 796 486 840 cujus
507 796 591 838 leges
612 806 668 838 per
686 794 739 826 illa
758 794 881 826 violatae
902 800 996 834 sunt,
1016 806 1133 837 nempe
1154 797 1292 838 primum
1316 808 1368 827 eos
1393 796 1449 838 qui
1473 795 1630 826 commissi

297 851 438 882 criminis
461 856 666 888 accusantur,
689 850 722 879 in
742 848 792 892 jus
810 848 972 891 rapiendi,
995 848 1147 888 alterum,
1169 861 1297 892 poenam
1316 849 1441 892 legibus
1460 855 1629 888 statutam,

296 906 333 935 iis
350 906 405 947 qui
427 904 567 935 criminis
587 903 673 933 illius
694 902 816 933 fuerint
837 902 995 941 damnati,
1017 902 1188 945 irrogandi.
1214 903 1347 933 Ratione
1369 902 1490 933 militiae
1509 902 1631 934 civitati

295 960 414 1000 cuique
435 957 485 1001 jus
505 962 686 999 competere
707 955 825 986 incolas
844 954 884 985 ad
902 966 988 985 arma
1010 955 1157 994 vocandi,
1177 967 1272 986 nemo
1293 962 1340 987 est
1363 957 1419 998 qui
1441 957 1474 986 in
1494 955 1629 987 dubium

296 1017 434 1044 revocet.
460 1011 515 1042 Illa
539 1017 646 1042 autem
669 1009 804 1041 civitatis
823 1007 893 1051 jura
915 1006 993 1050 fuga
1013 1006 1212 1038 subditorum
1233 1019 1297 1038 non
1318 1009 1404 1046 tolli,
1423 1010 1632 1050 perspicuum

295 1073 360 1098 est:
390 1065 476 1098 unde
500 1066 594 1096 etiam
620 1064 698 1095 tales
719 1063 892 1105 transfugae
913 1061 946 1092 in
967 1062 1200 1092 contumaciam
1228 1061 1325 1104 vulgo
1346 1061 1491 1092 damnari
1517 1060 1630 1092 solent.

295 1120 418 1151 Verum
441 1119 579 1150 maxime
595 1124 794 1149 controversa
813 1122 860 1148 est
879 1116 1028 1159 quaestiO,
1049 1127 1156 1147 annon
1171 1116 1293 1160 jurium
1313 1116 1443 1147 illorum
1458 1115 1632 1147 vindicatio

296 1173 335 1205 ad
357 1173 551 1205 territorium
572 1171 728 1215 cujusque
752 1171 906 1210 civitatis,
935 1182 1007 1213 quae
1032 1169 1093 1200 illis
1114 1170 1255 1210 fruitur,
1281 1170 1425 1201 restricta
1450 1168 1512 1200 sit'?
1541 1169 1632 1200 Hanc

294 1239 350 1258 nos
367 1227 513 1269 sequenti
531 1225 624 1256 modo
646 1225 828 1257 solvendam
852 1225 1081 1256 existimamus.
1112 1224 1192 1255 Jure
1211 1224 1342 1267 quidem
1363 1223 1535 1256 universali
1553 1222 1633 1267 juris

294 1281 434 1324 cujusvis
454 1279 633 1323 persecutio
648 1278 686 1309 ad
707 1279 811 1310 nullos
830 1278 947 1309 limites
966 1279 1188 1321 restringitur,
1209 1289 1324 1310 verum
1340 1289 1434 1309 omne
1455 1277 1505 1321 jus
1520 1289 1577 1320 per
1599 1288 1633 1308 se

294 1334 469 1366 absolutam
480 1334 544 1366 vim
557 1331 668 1363 habet:
684 1333 771 1364 unde
782 1334 876 1364 etiam
890 1333 994 1366 ubivis
1005 1339 1163 1365 terrarum
1172 1358 1180 1373 ,
1193 1333 1283 1364 nullo
1295 1333 1423 1374 imperii
1435 1343 1471 1362 ac
1483 1332 1633 1362 territorii

293 1389 490 1427 discrimine,
507 1388 631 1430 agnosci
649 1399 684 1417 ac
700 1393 852 1430 tanquam
869 1394 1104 1418 sacrosanctum
1117 1387 1276 1417 observari
1296 1386 1401 1417 debet.
1426 1385 1632 1428 Quapropter

293 1442 505 1475 dubitandum
525 1453 589 1472 non
612 1447 674 1480 est,
700 1442 779 1484 quin
801 1441 951 1472 universe
972 1440 1082 1471 civitas
1102 1446 1210 1471 extera
1232 1439 1303 1483 jura
1324 1450 1380 1470 sua
1404 1440 1500 1470 etiam
1517 1438 1633 1469 adver-

292 1508 345 1528 sus
365 1508 513 1539 personas
532 1497 565 1527 in
588 1495 699 1538 Belgio
723 1501 882 1528 versantes
904 1495 1053 1537 persequi
1074 1494 1180 1536 possit.
1208 1493 1332 1524 Verum
1354 1492 1524 1535 prudentia
1548 1491 1633 1534 poli—

293 1551 355 1581 tica
376 1550 551 1581 necessario
572 1549 727 1592 postulat,
751 1556 788 1581 ut
809 1550 919 1582 civitas
934 1549 1063 1592 Belgica
1085 1554 1274 1579 extraneum
1293 1547 1470 1590 profugum
1484 1547 1518 1578 in
1540 1547 1632 1590 regni

291 1605 450 1635 territorio
465 1603 662 1647 apprehendi
683 1609 769 1635 vetet
784 1603 848 1646 (1):
867 1602 970 1642 unde,
991 1603 1051 1633 nisi
1070 1602 1181 1633 illicito
1202 1601 1282 1646 juris
1303 1602 1353 1632 sui
1374 1600 1477 1632 abusu
1498 1600 1631 1632 alteram

293 1659 455 1690 civitatem
474 1658 507 1688 iu
531 1656 722 1688 vindicando
744 1656 814 1700 jure
836 1669 893 1689 suo
912 1657 1070 1700 impedire
1091 1657 1188 1696 velit,
1219 1662 1345 1699 oportet
1366 1666 1442 1686 eum
1461 1655 1495 1685 in
1519 1656 1633 1685 remis-

292 1713 414 1744 sionem
438 1717 679 1756 extraneorum,
702 1711 748 1741 illi
769 1712 889 1743 civitati
909 1712 1139 1756 obligatorum,
1164 1710 1354 1742 consentire.

338 1764 434 1804 Quod
459 1775 533 1796 vero
558 1763 730 1808 objiciunt,
754 1764 1007 1809 jurisdictionem
1029 1766 1068 1797 ad
1093 1765 1211 1796 limites
1234 1763 1385 1794 territorii
1412 1772 1478 1793 esse
1501 1761 1631 1792 restric—

293 1827 375 1860 tam,
404 1819 436 1850 id
458 1830 571 1851 verum
593 1818 724 1861 quidem
753 1825 801 1850 est
821 1821 942 1852 ratione
969 1821 1115 1863 gentium
1137 1819 1221 1849 inter
1241 1827 1291 1856 se,
1314 1826 1432 1858 nempe
1457 1815 1482 1845 si
1503 1815 1632 1846 nonnisi

293 1874 420 1917 imperii
441 1874 631 1905 exercitium
652 1879 791 1915 spectes,
812 1873 985 1905 absurdum
1006 1879 1114 1904 autem
1138 1872 1238 1910 foret,
1260 1869 1292 1902 id
1311 1869 1351 1901 ad
1370 1869 1449 1913 juris
1471 1867 1631 1912 cujusque

294 1928 549 1971 persecutionem
567 1933 599 1957 et
615 1927 861 1958 vindicationem
878 1927 1051 1958 extendere
1066 1926 1161 1959 velle.
1181 1926 1248 1957 Hoc
1263 1925 1348 1957 enim
1366 1923 1517 1963 admisso,
1533 1922 1630 1954 etiam

295 1980 528 2013 admittendum
554 1981 652 2020 foret,
679 1980 748 2024 jura
771 1981 853 2012 nihil
873 1980 1008 2012 absoluti
1028 1980 1162 2021 habere,
1184 1979 1239 2011 sed
1258 1990 1368 2011 rerum
1387 1989 1423 2009 ac
1445 1983 1629 2020 temporum

356 2093 401 2121 (1)
417 2091 558 2115 Mirandum
574 2099 630 2114 sane
644 2096 679 2114 est
695 2092 857 2116 conventione
875 2092 938 2116 inter
953 2093 1064 2124 Belgium
1080 2096 1104 2115 et
1119 2091 1294 2115 Hannoveram
1313 2091 1342 2113 23
1360 2088 1465 2120 Augusti
1482 2087 1539 2110 1818
1554 2086 1629 2116 inita,

296 2133 406 2158 civitates
423 2132 569 2164 paciscentes
583 2132 629 2156 sibi
646 2133 750 2157 invicem
768 2133 830 2156 illud
849 2134 1008 2166 persequendi
1024 2135 1078 2165 jus,
1099 2132 1244 2165 quibusdam
1261 2131 1287 2154 in
1302 2130 1396 2155 casibus
1414 2127 1564 2153 concessisse.
