1747 2620
663 294 800 336 (119)

57 383 77 403 ))
93 377 200 403 actum
223 376 285 410 est,
313 369 404 401 miles
425 368 488 400 fuit
511 368 579 399 ictu
599 366 787 410 sclopetario
806 366 983 410 perfossus;
1006 367 1117 411 globus
1139 368 1194 411 qui
1216 380 1232 399 a
1253 369 1399 411 superio—

57 437 76 457 »
93 425 182 457 ribus
199 426 350 457 inferiora
365 434 475 456 versus
489 420 704 465 dirigebatur,
722 421 853 453 abstulit
868 421 936 453 sere
952 421 1116 453 dimidiam
1138 427 1262 464 partem
1279 429 1399 464 quartae

59 491 78 511 ))
95 485 206 519 costae3
231 480 265 510 in
287 484 401 521 pectus
424 476 622 520 penetravit,
646 475 834 519 pulmonem
855 475 1062 507 transvolavit
1084 481 1116 506 et
1137 474 1175 506 ad
1197 474 1400 506 altitudinem

60 545 79 565 ))
96 539 215 565 octavae
231 542 364 564 nonaeve
386 537 479 562 costae
495 529 653 562 constetit.
672 530 720 560 Ex
739 529 794 560 illo
813 529 949 561 vulnere
967 529 1216 572 haemorrhagia,
1238 529 1402 572 sanguinis

60 599 80 619 »
97 588 132 618 in
153 587 297 618 Thorace
320 585 534 629 profluvium,
562 584 658 615 animi
684 583 846 623 defectus,
872 584 1031 627 oppressio
1053 590 1086 615 et
1108 585 1281 627 sanguinea
1309 590 1402 626 sputa

61 652 78 672 ²>
93 646 201 672 secuta
218 646 310 671 sunt:
332 640 366 671 in
382 640 600 670 nosocomium
619 638 806 678 translatus,
829 650 887 681 per
902 638 1032 681 aliquod
1049 645 1177 681 tempus
1194 638 1246 669 hic
1262 644 1403 669 moratus

58 705 78 726 ))
95 699 158 734 est3
179 693 359 725 fistulosum
376 693 494 725 vulnus
510 694 543 724 in
559 698 649 735 parte
668 692 824 735 superiori
840 693 976 735 pectoris
991 692 1101 723 dextra
1120 691 1245 731 aderat,
1262 691 1403 723 multum

59 759 79 779 ))
95 753 128 779 et
149 747 233 779 foras
252 753 285 779 et
302 748 337 778 in
362 747 514 778 Thoracis
537 758 651 779 cavum
672 747 761 789 puris
786 745 1009 789 suppedita1153
1031 757 1134 788 quum
1160 745 1325 777 abundans
1343 757 1404 788 pus

59 812 79 833 ))
94 801 214 833 vulnus
241 801 422 845 praeberet,
448 800 539 832 febre
562 800 685 831 hectica
715 805 925 842 consumptus
951 799 1074 843 jacebat
1099 805 1266 843 aegrotans.
1298 799 1403 842 Plagae

58 865 79 886 ³)
95 854 349 898 profunditatem
370 853 540 897 explorans
554 854 688 897 Lari-ey,
711 852 878 897 globulum
895 855 1057 897 percepit:
1076 854 1140 885 fuit
1159 854 1243 885 inter
1260 859 1403 885 octavam

60 921 79 941 >³
95 915 129 941 et
148 921 266 941 nonam
291 914 408 940 costam
433 908 544 940 incisio
567 908 667 947 facta,
692 919 729 939 ex
753 907 815 951 qua
835 919 895 951 pus
920 908 1035 950 magna
1062 907 1151 950 copia
1176 907 1318 946 effluxit,
1344 907 1405 938 haic

59 974 80 995 ))
95 962 147 995 via
177 968 339 995 extractus
362 962 426 994 fuit
452 961 617 1006 globum-53
650 962 743 993 tertia
771 968 841 1004 post
869 963 1086 1004 operationem
1117 962 1168 993 die
1194 968 1405 1005 symptomata

60 1028 80 1047 ))
98 1016 284 1059 disparuere
306 1027 378 1059 quae
403 1015 521 1048 febrim
545 1015 702 1047 hecticam
725 1015 973 1056 minitabantur3
995 1016 1087 1059 plaga
1108 1017 1254 1059 superior
1276 1016 1405 1048 nullum

61 1082 80 1101 ))
98 1070 235 1113 amplius
255 1081 316 1113 pus
335 1069 536 1112 profundens
561 1069 677 1100 sensim
701 1070 850 1100 cicatrice
869 1070 1006 1102 obducta
1028 1071 1106 1109 fuit,
1129 1070 1248 1102 vulnus
1269 1071 1406 1102 inferius

60 1136 80 1156 ))
94 1124 250 1168 paulatim
271 1124 374 1155 indies
397 1125 504 1156 minus
525 1124 642 1164 evasit3
672 1130 827 1166 aegrotans
848 1135 958 1155 somno
979 1130 1012 1155 et
1032 1124 1177 1155 ciborum
1204 1125 1405 1167 appetentia,

59 1189 80 1210 ))
96 1177 214 1221 quibus
238 1177 367 1209 orbatus
389 1183 422 1209 et
442 1177 616 1209 destitutus
636 1178 760 1218 fuerat,
782 1178 902 1209 iterum
930 1178 1117 1218 fruebatur3
1146 1179 1252 1209 omnia
1274 1178 1406 1210 demum

60 1232 275 1276 »proximam
307 1232 507 1264 curationem
533 1231 767 1274 praedicabant,
793 1243 896 1274 quum
924 1231 1114 1274 imprudens
1139 1231 1222 1275 justo
1251 1232 1405 1276 majorem

60 1298 80 1318 ))
98 1287 310 1330 quantitatem
339 1287 471 1329 spiritus
498 1286 563 1316 vini
593 1285 757 1317 absorbuit
781 1291 814 1316 et
843 1285 975 1317 demum
1002 1286 1173 1317 enteritide
1198 1286 1308 1326 acuta,
1336 1293 1406 1329 post

60 1352 80 1371 ))
97 1341 304 1372 centesimam
325 1339 365 1371 ab
386 1340 571 1382 operatione
596 1339 681 1371 diem
701 1339 829 1382 periit.”
853 1339 923 1371 Ilh‘c
944 1339 1074 1372 nullum
1098 1339 1235 1372 dubium
1262 1341 1406 1372 suscitari

60 1400 164 1437 potest
190 1395 274 1425 circa
297 1404 425 1425 causam
450 1394 559 1425 mortis
579 1392 717 1437 hujusce
736 1393 813 1434 viri,
833 1405 899 1425 non
921 1399 1008 1425 certe
1029 1394 1172 1426 vulneris
1193 1394 1247 1425 sed
1266 1406 1332 1426 suae
1352 1395 1406 1434 in-

61 1449 267 1480 continentiae
294 1448 423 1480 victima
445 1449 552 1491 periit.
581 1448 735 1490 Sequitur
755 1459 845 1479 nunc
865 1448 1015 1479 audacior
1038 1448 1093 1479 sed
1115 1448 1239 1479 meliori
1259 1443 1414 1480 successu⁸

62 1502 178 1534 donata
196 1502 338 1546 ope-ratio
359 1502 467 1545 (1).»
484 1502 520 1533 In
540 1501 652 1533 Russia
673 1513 773 1544 prope
799 1501 953 1533 Mohilow
978 1501 1068 1533 miles
1087 1501 1191 1545 gallus
1217 1501 1407 1534 vulneratur

63 1567 83 1586 ))
100 1555 207 1598 globo,
228 1557 313 1587 inter
333 1554 477 1588 octavam
497 1561 530 1587 et
551 1566 668 1586 nonam
692 1561 811 1587 costam
841 1555 985 1587 dextram
1011 1556 1045 1587 in
1067 1562 1180 1599 pectus
1201 1562 1407 1599 penetrante,

65 1615 134 1641 »et
152 1609 186 1640 in
207 1608 351 1653 ejusdem
378 1609 485 1640 lateris
506 1621 583 1642 cavo
608 1609 771 1642 haerente:
797 1612 958 1642 sauciatus
981 1610 1139 1651 humum,
1168 1611 1255 1654 lapso
1279 1612 1406 1651 animo,

65 1674 83 1694 ))
98 1662 289 1706 procubuit,
307 1662 406 1695 hiduo
421 1664 455 1695 in
471 1675 590 1707 pugnae
605 1676 718 1708 campo
734 1664 851 1709 jacuit;
868 1664 1077 1696 suffocatione
1091 1665 1255 1709 periturus
1277 1665 1406 1696 tandem

63 1727 82 1748 >³
98 1717 134 1748 in
154 1717 374 1749 nosocomium
394 1717 566 1750 translatus
586 1718 664 1759 fuit,
690 1725 723 1750 et
744 1718 838 1750 tertia
866 1725 1034 1762 postquam
1055 1719 1224 1751 intraverit
1243 1719 1310 1759 die,
1335 1726 1407 1751 tan-

63 1782 83 1802 »
98 1776 169 1803 tum
185 1772 220 1802 in
235 1770 380 1803 Thorace
396 1770 572 1803 humorum
593 1772 791 1815 profluvium
811 1773 942 1812 accidit,
965 1779 1004 1804 ut
1021 1774 1196 1805 necessario
1217 1773 1406 1805 succubuis-

63 1836 84 1856 ))
99 1830 161 1866 set,
176 1825 239 1857 nisi
253 1824 425 1869 chirurgus
437 1825 523 1858 viam
533 1825 649 1867 fluido,
665 1838 723 1870 per
737 1827 910 1859 sectionem
924 1828 1118 1866 institutam,
1135 1833 1215 1858 esset
1229 1827 1362 1870 largitus
1375 1834 1406 1859 et

64 1890 84 1910 2)
100 1879 145 1911 sic
168 1879 242 1924 ejus
256 1885 393 1911 mortem
412 1880 588 1912 avertisset.
612 1871 784 1924 Aliquibus
805 1881 841 1912 in
861 1881 1042 1912 nosocomio
1062 1881 1260 1923 consumptis
1283 1881 1405 1913 hebdo-

63 1992 90 2015 ᾗ]
106 2000 133 2015 eo
148 1991 243 2022 aliquid
260 1992 336 2015 inesse
354 1993 425 2016 credo
440 2001 483 2017 cnr
498 1994 633 2024 vituperes,
649 1994 715 2017 unde
730 1994 795 2017 enim
813 2000 906 2023 possem
924 1992 1011 2016 melius
1026 1993 1124 2016 haurire
1139 2001 1211 2024 quam
1227 2002 1256 2017 ex
1272 1994 1309 2017 his
1323 1994 1403 2021 libris,

63 2033 106 2065 qui
126 2033 239 2056 mortales
257 2032 341 2055 mutuzs
361 2041 391 2056 ne
411 2034 490 2057 dicam
508 2034 643 2058 innumeris
662 2035 744 2058 modis
763 2034 826 2057 hello
842 2033 962 2056 sauciatos
980 2033 1112 2056 exhibent?
1136 2034 1207 2058 Unde
1228 2035 1314 2058 melius
1333 2042 1405 2065 quam

64 2073 129 2106 apud
147 2073 253 2104 optimos
270 2078 378 2096 auctores
397 2078 502 2104 peterem
521 2075 713 2106 observationes,
731 2083 784 2107 quae
801 2082 860 2098 meae
877 2082 925 2098 esse
941 2082 992 2097 non
1011 2075 1133 2105 possunt?

124 2114 157 2144 (i)
175 2114 282 2144 Larrey,
300 2113 376 2143 l.1.‚
395 2121 452 2145 pag.
475 2115 607 2138 160-168„
