<?xml version="1.0" encoding="UTF-8"?>
<!DOCTYPE html PUBLIC "-//W3C//DTD XHTML 1.0 Transitional//EN"
    "http://www.w3.org/TR/xhtml1/DTD/xhtml1-transitional.dtd">
<html xmlns="http://www.w3.org/1999/xhtml" xml:lang="en" lang="en">
 <head>
  <title>
</title>
<meta http-equiv="Content-Type" content="text/html;charset=utf-8" />
  <meta name='ocr-system' content='tesseract 3.04.00' />
  <meta name='ocr-capabilities' content='ocr_page ocr_carea ocr_par ocr_line ocrx_word'/>
</head>
<body>
  <div class='ocr_page' id='page_1' title='image "annalesacademiae00acad_0257.png"; bbox 0 0 1747 2620; ppageno 0'>
   <div class='ocr_carea' id='block_1_1' title="bbox 708 264 823 307">
    <p class='ocr_par' dir='ltr' id='par_1_1' title="bbox 708 264 823 307">
     <span class='ocr_line' id='line_1_1' title="bbox 708 264 823 307; baseline 0.017 -2"><span class='ocrx_word' id='word_1_1' title='bbox 708 264 823 307; x_wconf 84' lang='lat'>(69)</span> 
     </span>
    </p>
   </div>
   <div class='ocr_carea' id='block_1_2' title="bbox 87 334 1438 1838">
    <p class='ocr_par' dir='ltr' id='par_1_2' title="bbox 92 334 1438 815">
     <span class='ocr_line' id='line_1_2' title="bbox 138 334 1435 386; baseline 0.006 -20"><span class='ocrx_word' id='word_1_2' title='bbox 138 334 170 366; x_wconf 88' lang='lat' dir='ltr'>Si</span> <span class='ocrx_word' id='word_1_3' title='bbox 192 335 268 367; x_wconf 89' lang='lat' dir='ltr'>fides</span> <span class='ocrx_word' id='word_1_4' title='bbox 289 335 469 368; x_wconf 84' lang='lat' dir='ltr'>adhibenda</span> <span class='ocrx_word' id='word_1_5' title='bbox 492 336 532 367; x_wconf 84' lang='lat' dir='ltr'>sit</span> <span class='ocrx_word' id='word_1_6' title='bbox 551 335 767 367; x_wconf 89' lang='lat' dir='ltr'>Celeberrimo</span> <span class='ocrx_word' id='word_1_7' title='bbox 788 337 963 382; x_wconf 83' lang='lat' dir='ltr'>Duverney</span> <span class='ocrx_word' id='word_1_8' title='bbox 983 338 1047 381; x_wconf 85' lang='lat'>(1),</span> <span class='ocrx_word' id='word_1_9' title='bbox 1067 341 1228 384; x_wconf 80' lang='lat' dir='ltr'><strong>appendix</strong></span> <span class='ocrx_word' id='word_1_10' title='bbox 1251 342 1435 386; x_wconf 80' lang='lat' dir='ltr'>Xiphoi&#39;dea</span> 
     </span>
     <span class='ocr_line' id='line_1_3' title="bbox 93 388 1436 438; baseline 0.007 -18"><span class='ocrx_word' id='word_1_11' title='bbox 93 388 196 420; x_wconf 82' lang='lat' dir='ltr'>fracta</span> <span class='ocrx_word' id='word_1_12' title='bbox 216 396 248 421; x_wconf 85' lang='lat' dir='ltr'>et</span> <span class='ocrx_word' id='word_1_13' title='bbox 264 390 416 422; x_wconf 84' lang='lat' dir='ltr'>inferiora</span> <span class='ocrx_word' id='word_1_14' title='bbox 434 402 544 423; x_wconf 77' lang='lat' dir='ltr'>versus</span> <span class='ocrx_word' id='word_1_15' title='bbox 564 390 727 434; x_wconf 86' lang='lat' dir='ltr'>propulsa,</span> <span class='ocrx_word' id='word_1_16' title='bbox 752 392 897 435; x_wconf 80' lang='lat' dir='ltr'>sequelas</span> <span class='ocrx_word' id='word_1_17' title='bbox 918 394 1117 436; x_wconf 84' lang='lat' dir='ltr'>gravissimas</span> <span class='ocrx_word' id='word_1_18' title='bbox 1133 401 1164 426; x_wconf 88' lang='lat' dir='ltr'>et</span> <span class='ocrx_word' id='word_1_19' title='bbox 1181 395 1299 438; x_wconf 84' lang='lat' dir='ltr'>quibus</span> <span class='ocrx_word' id='word_1_20' title='bbox 1314 397 1436 429; x_wconf 83' lang='lat' dir='ltr'>mederi</span> 
     </span>
     <span class='ocr_line' id='line_1_4' title="bbox 95 445 1436 493; baseline 0.006 -19"><span class='ocrx_word' id='word_1_21' title='bbox 95 454 159 474; x_wconf 88' lang='lat' dir='ltr'>non</span> <span class='ocrx_word' id='word_1_22' title='bbox 181 455 348 486; x_wconf 83' lang='lat' dir='ltr'>possumus</span> <span class='ocrx_word' id='word_1_23' title='bbox 375 451 446 487; x_wconf 86' lang='lat' dir='ltr'>post</span> <span class='ocrx_word' id='word_1_24' title='bbox 466 456 498 476; x_wconf 92' lang='lat' dir='ltr'>se</span> <span class='ocrx_word' id='word_1_25' title='bbox 515 445 630 485; x_wconf 81' lang='lat' dir='ltr'>trahit,</span> <span class='ocrx_word' id='word_1_26' title='bbox 647 448 823 488; x_wconf 80' lang='lat' dir='ltr'>praesertim</span> <span class='ocrx_word' id='word_1_27' title='bbox 844 447 876 477; x_wconf 91' lang='lat' dir='ltr'>in</span> <span class='ocrx_word' id='word_1_28' title='bbox 896 447 1025 480; x_wconf 83' lang='lat' dir='ltr'><strong>senibus</strong></span> <span class='ocrx_word' id='word_1_29' title='bbox 1041 449 1127 492; x_wconf 87' lang='lat' dir='ltr'>apud</span> <span class='ocrx_word' id='word_1_30' title='bbox 1143 461 1222 493; x_wconf 89' lang='lat' dir='ltr'>quos</span> <span class='ocrx_word' id='word_1_31' title='bbox 1242 450 1296 481; x_wconf 87' lang='lat' dir='ltr'>illa</span> <span class='ocrx_word' id='word_1_32' title='bbox 1318 462 1436 482; x_wconf 83' lang='lat' dir='ltr'>osseam</span> 
     </span>
     <span class='ocr_line' id='line_1_5' title="bbox 94 497 1438 544; baseline 0.005 -16"><span class='ocrx_word' id='word_1_33' title='bbox 94 498 330 529; x_wconf 80' lang='lat' dir='ltr'>consistentiam</span> <span class='ocrx_word' id='word_1_34' title='bbox 356 497 486 542; x_wconf 83' lang='lat' dir='ltr'>jamjam</span> <span class='ocrx_word' id='word_1_35' title='bbox 511 500 689 542; x_wconf 82' lang='lat' dir='ltr'>acquisivit.</span> <span class='ocrx_word' id='word_1_36' title='bbox 719 501 854 544; x_wconf 86' lang='lat' dir='ltr'>Sequela</span> <span class='ocrx_word' id='word_1_37' title='bbox 881 503 1016 544; x_wconf 77' lang='lat' dir='ltr'>pessima</span> <span class='ocrx_word' id='word_1_38' title='bbox 1042 509 1088 534; x_wconf 88' lang='lat' dir='ltr'>est</span> <span class='ocrx_word' id='word_1_39' title='bbox 1110 515 1258 535; x_wconf 86' lang='lat' dir='ltr'>vasorum</span> <span class='ocrx_word' id='word_1_40' title='bbox 1281 515 1438 535; x_wconf 82' lang='lat' dir='ltr'>mamma-</span> 
     </span>
     <span class='ocr_line' id='line_1_6' title="bbox 93 551 1437 601; baseline 0.006 -19"><span class='ocrx_word' id='word_1_41' title='bbox 93 551 216 583; x_wconf 87' lang='lat' dir='ltr'>riorum</span> <span class='ocrx_word' id='word_1_42' title='bbox 238 558 391 594; x_wconf 82' lang='lat' dir='ltr'>ruptura,</span> <span class='ocrx_word' id='word_1_43' title='bbox 415 564 517 595; x_wconf 88' lang='lat' dir='ltr'>quum</span> <span class='ocrx_word' id='word_1_44' title='bbox 540 559 618 585; x_wconf 89' lang='lat' dir='ltr'>tunc</span> <span class='ocrx_word' id='word_1_45' title='bbox 640 565 724 584; x_wconf 89' lang='lat' dir='ltr'>mors</span> <span class='ocrx_word' id='word_1_46' title='bbox 744 555 875 585; x_wconf 88' lang='lat' dir='ltr'>sauciati</span> <span class='ocrx_word' id='word_1_47' title='bbox 904 555 1096 587; x_wconf 70' lang='lat' dir='ltr'>inevitabilis</span> <span class='ocrx_word' id='word_1_48' title='bbox 1118 558 1174 596; x_wconf 84' lang='lat' dir='ltr'>sit,</span> <span class='ocrx_word' id='word_1_49' title='bbox 1197 569 1437 601; x_wconf 86' lang='lat' dir='ltr'>quamcumque</span> 
     </span>
     <span class='ocr_line' id='line_1_7' title="bbox 93 605 1436 651; baseline 0.006 -16"><span class='ocrx_word' id='word_1_50' title='bbox 93 605 190 635; x_wconf 86' lang='lat' dir='ltr'>etiam</span> <span class='ocrx_word' id='word_1_51' title='bbox 220 605 466 637; x_wconf 83' lang='lat' dir='ltr'>medicationem</span> <span class='ocrx_word' id='word_1_52' title='bbox 498 607 726 648; x_wconf 78' lang='lat' dir='ltr'>adhibeamus3</span> <span class='ocrx_word' id='word_1_53' title='bbox 758 615 791 639; x_wconf 85' lang='lat' dir='ltr'>et</span> <span class='ocrx_word' id='word_1_54' title='bbox 817 620 881 651; x_wconf 76' lang='lat' dir='ltr'>prae</span> <span class='ocrx_word' id='word_1_55' title='bbox 907 610 1031 640; x_wconf 82' lang='lat' dir='ltr'>caeteris</span> <span class='ocrx_word' id='word_1_56' title='bbox 1059 611 1084 641; x_wconf 92' lang='lat' dir='ltr'>si</span> <span class='ocrx_word' id='word_1_57' title='bbox 1109 612 1223 642; x_wconf 81' lang='lat' dir='ltr'>arteria</span> <span class='ocrx_word' id='word_1_58' title='bbox 1251 613 1436 643; x_wconf 79' lang='lat' dir='ltr'>mammaria</span> 
     </span>
     <span class='ocr_line' id='line_1_8' title="bbox 93 658 1436 710; baseline 0.007 -22"><span class='ocrx_word' id='word_1_59' title='bbox 93 658 220 689; x_wconf 87' lang='lat' dir='ltr'>interna</span> <span class='ocrx_word' id='word_1_60' title='bbox 250 659 389 691; x_wconf 79' lang='lat' dir='ltr'>laeditur.</span> <span class='ocrx_word' id='word_1_61' title='bbox 424 660 571 704; x_wconf 84' lang='lat' dir='ltr'>Adjicere</span> <span class='ocrx_word' id='word_1_62' title='bbox 598 663 694 693; x_wconf 89' lang='lat' dir='ltr'>etiam</span> <span class='ocrx_word' id='word_1_63' title='bbox 723 673 891 705; x_wconf 87' lang='lat' dir='ltr'>possumus</span> <span class='ocrx_word' id='word_1_64' title='bbox 919 664 970 694; x_wconf 63' lang='lat' dir='ltr'>rix</span> <span class='ocrx_word' id='word_1_65' title='bbox 1003 664 1090 695; x_wconf 81' lang='lat' dir='ltr'>illam</span> <span class='ocrx_word' id='word_1_66' title='bbox 1117 665 1303 708; x_wconf 69' lang='lat' dir='ltr'>apophysim</span> <span class='ocrx_word' id='word_1_67' title='bbox 1331 666 1436 710; x_wconf 80' lang='lat' dir='ltr'>frangi</span> 
     </span>
     <span class='ocr_line' id='line_1_9' title="bbox 92 713 1437 760; baseline 0.007 -18"><span class='ocrx_word' id='word_1_68' title='bbox 92 723 182 754; x_wconf 87' lang='lat' dir='ltr'>posse</span> <span class='ocrx_word' id='word_1_69' title='bbox 200 714 279 755; x_wconf 85' lang='lat' dir='ltr'>quin</span> <span class='ocrx_word' id='word_1_70' title='bbox 298 713 522 758; x_wconf 79' lang='lat' dir='ltr'>diaphragma,</span> <span class='ocrx_word' id='word_1_71' title='bbox 545 716 629 758; x_wconf 87' lang='lat' dir='ltr'>quod</span> <span class='ocrx_word' id='word_1_72' title='bbox 646 716 704 759; x_wconf 91' lang='lat' dir='ltr'>ipsi</span> <span class='ocrx_word' id='word_1_73' title='bbox 721 716 879 755; x_wconf 78' lang='lat' dir='ltr'>adhaeret,</span> <span class='ocrx_word' id='word_1_74' title='bbox 902 718 1070 759; x_wconf 83' lang='lat' dir='ltr'>insigniter</span> <span class='ocrx_word' id='word_1_75' title='bbox 1088 718 1296 760; x_wconf 75' lang='lat' dir='ltr'>vulneretur,</span> <span class='ocrx_word' id='word_1_76' title='bbox 1313 726 1345 751; x_wconf 82' lang='lat' dir='ltr'>et</span> <span class='ocrx_word' id='word_1_77' title='bbox 1365 732 1437 752; x_wconf 79' lang='lat' dir='ltr'>mox</span> 
     </span>
     <span class='ocr_line' id='line_1_10' title="bbox 92 764 1164 815; baseline 0.007 -19"><span class='ocrx_word' id='word_1_78' title='bbox 92 764 382 799; x_wconf 82' lang='lat' dir='ltr'>demonstrabimus</span> <span class='ocrx_word' id='word_1_79' title='bbox 403 775 537 811; x_wconf 82' lang='lat' dir='ltr'>quantas</span> <span class='ocrx_word' id='word_1_80' title='bbox 556 769 665 800; x_wconf 84' lang='lat' dir='ltr'>turbas</span> <span class='ocrx_word' id='word_1_81' title='bbox 684 769 870 813; x_wconf 87' lang='lat' dir='ltr'>hujusmodi</span> <span class='ocrx_word' id='word_1_82' title='bbox 891 771 976 803; x_wconf 81' lang='lat' dir='ltr'>laesio</span> <span class='ocrx_word' id='word_1_83' title='bbox 998 773 1164 815; x_wconf 86' lang='lat' dir='ltr'>producat.</span> 
     </span>
    </p>

    <p class='ocr_par' dir='ltr' id='par_1_3' title="bbox 87 819 1437 1838">
     <span class='ocr_line' id='line_1_11' title="bbox 135 819 1437 873; baseline 0.008 -23"><span class='ocrx_word' id='word_1_84' title='bbox 135 819 225 858; x_wconf 89' lang='lat' dir='ltr'>Quid</span> <span class='ocrx_word' id='word_1_85' title='bbox 244 820 283 852; x_wconf 92' lang='lat' dir='ltr'>de</span> <span class='ocrx_word' id='word_1_86' title='bbox 301 822 542 854; x_wconf 83' lang='lat' dir='ltr'>contusionibus</span> <span class='ocrx_word' id='word_1_87' title='bbox 564 825 663 854; x_wconf 86' lang='lat' dir='ltr'>sterni</span> <span class='ocrx_word' id='word_1_88' title='bbox 685 824 830 868; x_wconf 83' lang='lat' dir='ltr'>adjiciam</span> <span class='ocrx_word' id='word_1_89' title='bbox 853 825 929 868; x_wconf 73' lang='grc'>(2)’.7</span> <span class='ocrx_word' id='word_1_90' title='bbox 953 826 997 856; x_wconf 91' lang='lat' dir='ltr'>Os</span> <span class='ocrx_word' id='word_1_91' title='bbox 1018 826 1100 858; x_wconf 91' lang='lat' dir='ltr'>illud</span> <span class='ocrx_word' id='word_1_92' title='bbox 1121 827 1161 859; x_wconf 91' lang='lat' dir='ltr'>ad</span> <span class='ocrx_word' id='word_1_93' title='bbox 1179 840 1342 860; x_wconf 89' lang='lat' dir='ltr'>summum</span> <span class='ocrx_word' id='word_1_94' title='bbox 1363 841 1437 873; x_wconf 83' lang='lat' dir='ltr'>gra-</span> 
     </span>
     <span class='ocr_line' id='line_1_12' title="bbox 91 872 1437 923; baseline 0.009 -20"><span class='ocrx_word' id='word_1_95' title='bbox 91 872 169 904; x_wconf 88' lang='lat' dir='ltr'>dum</span> <span class='ocrx_word' id='word_1_96' title='bbox 192 885 302 905; x_wconf 85' lang='lat' dir='ltr'>omnes</span> <span class='ocrx_word' id='word_1_97' title='bbox 321 875 519 907; x_wconf 82' lang='lat' dir='ltr'>conditiones</span> <span class='ocrx_word' id='word_1_98' title='bbox 539 878 677 919; x_wconf 83' lang='lat' dir='ltr'>possidet</span> <span class='ocrx_word' id='word_1_99' title='bbox 693 890 765 921; x_wconf 79' lang='lat' dir='ltr'>qnae</span> <span class='ocrx_word' id='word_1_100' title='bbox 787 880 881 910; x_wconf 81' lang='lat' dir='ltr'>cariei</span> <span class='ocrx_word' id='word_1_101' title='bbox 903 880 1106 922; x_wconf 85' lang='lat' dir='ltr'>productioni</span> <span class='ocrx_word' id='word_1_102' title='bbox 1130 882 1256 923; x_wconf 76' lang='lat' dir='ltr'>favent3</span> <span class='ocrx_word' id='word_1_103' title='bbox 1275 884 1437 915; x_wconf 87' lang='lat' dir='ltr'>contusio-</span> 
     </span>
     <span class='ocr_line' id='line_1_13' title="bbox 90 928 1437 979; baseline 0.009 -22"><span class='ocrx_word' id='word_1_104' title='bbox 90 937 147 958; x_wconf 90' lang='lat' dir='ltr'>nes</span> <span class='ocrx_word' id='word_1_105' title='bbox 176 928 275 958; x_wconf 85' lang='lat' dir='ltr'>sterni</span> <span class='ocrx_word' id='word_1_106' title='bbox 301 928 400 970; x_wconf 84' lang='lat' dir='ltr'>igitur</span> <span class='ocrx_word' id='word_1_107' title='bbox 425 941 489 960; x_wconf 88' lang='lat' dir='ltr'>non</span> <span class='ocrx_word' id='word_1_108' title='bbox 518 930 587 973; x_wconf 86' lang='lat' dir='ltr'>ejus</span> <span class='ocrx_word' id='word_1_109' title='bbox 613 932 835 975; x_wconf 78' lang='lat' dir='ltr'>integumenta</span> <span class='ocrx_word' id='word_1_110' title='bbox 858 933 962 965; x_wconf 86' lang='lat' dir='ltr'>solum</span> <span class='ocrx_word' id='word_1_111' title='bbox 985 934 1129 975; x_wconf 78' lang='lat' dir='ltr'>laedunt,</span> <span class='ocrx_word' id='word_1_112' title='bbox 1158 936 1213 967; x_wconf 89' lang='lat' dir='ltr'>sed</span> <span class='ocrx_word' id='word_1_113' title='bbox 1239 937 1337 979; x_wconf 89' lang='lat' dir='ltr'>ipsius</span> <span class='ocrx_word' id='word_1_114' title='bbox 1363 939 1437 969; x_wconf 88' lang='lat' dir='ltr'>ossis</span> 
     </span>
     <span class='ocr_line' id='line_1_14' title="bbox 90 980 1434 1032; baseline 0.009 -22"><span class='ocrx_word' id='word_1_115' title='bbox 90 980 207 1011; x_wconf 86' lang='lat' dir='ltr'>cariem</span> <span class='ocrx_word' id='word_1_116' title='bbox 238 981 417 1023; x_wconf 85' lang='lat' dir='ltr'>producere</span> <span class='ocrx_word' id='word_1_117' title='bbox 439 983 562 1022; x_wconf 73' lang='lat' dir='ltr'>valent,</span> <span class='ocrx_word' id='word_1_118' title='bbox 591 986 754 1027; x_wconf 72' lang='lat' dir='ltr'>praecipue</span> <span class='ocrx_word' id='word_1_119' title='bbox 784 986 862 1017; x_wconf 87' lang='lat' dir='ltr'>dum</span> <span class='ocrx_word' id='word_1_120' title='bbox 890 987 1036 1030; x_wconf 73' lang='lat' dir='ltr'>quaedam</span> <span class='ocrx_word' id='word_1_121' title='bbox 1062 994 1109 1019; x_wconf 87' lang='lat' dir='ltr'>cst</span> <span class='ocrx_word' id='word_1_122' title='bbox 1131 988 1292 1032; x_wconf 80' lang='lat' dir='ltr'>dispositio</span> <span class='ocrx_word' id='word_1_123' title='bbox 1318 991 1434 1022; x_wconf 85' lang='lat' dir='ltr'>indivi-</span> 
     </span>
     <span class='ocr_line' id='line_1_15' title="bbox 90 1034 1436 1084; baseline 0.009 -20"><span class='ocrx_word' id='word_1_124' title='bbox 90 1034 204 1065; x_wconf 84' lang='lat' dir='ltr'>dualis.</span> <span class='ocrx_word' id='word_1_125' title='bbox 232 1035 388 1074; x_wconf 83' lang='lat' dir='ltr'>Quamvis</span> <span class='ocrx_word' id='word_1_126' title='bbox 411 1038 509 1068; x_wconf 88' lang='lat' dir='ltr'>caries</span> <span class='ocrx_word' id='word_1_127' title='bbox 530 1038 628 1081; x_wconf 90' lang='lat' dir='ltr'>hujus</span> <span class='ocrx_word' id='word_1_128' title='bbox 650 1041 723 1070; x_wconf 86' lang='lat' dir='ltr'>ossis</span> <span class='ocrx_word' id='word_1_129' title='bbox 739 1051 868 1083; x_wconf 83' lang='lat' dir='ltr'>gravem</span> <span class='ocrx_word' id='word_1_130' title='bbox 886 1041 1060 1073; x_wconf 86' lang='lat' dir='ltr'>admodum</span> <span class='ocrx_word' id='word_1_131' title='bbox 1076 1043 1224 1074; x_wconf 83' lang='lat' dir='ltr'>morbum</span> <span class='ocrx_word' id='word_1_132' title='bbox 1247 1046 1436 1084; x_wconf 78' lang='lat' dir='ltr'>constituat,</span> 
     </span>
     <span class='ocr_line' id='line_1_16' title="bbox 89 1088 1436 1139; baseline 0.01 -22"><span class='ocrx_word' id='word_1_133' title='bbox 89 1093 198 1118; x_wconf 85' lang='lat' dir='ltr'>tamen</span> <span class='ocrx_word' id='word_1_134' title='bbox 219 1089 244 1119; x_wconf 89' lang='lat' dir='ltr'>si</span> <span class='ocrx_word' id='word_1_135' title='bbox 266 1088 349 1120; x_wconf 85' lang='lat' dir='ltr'>ultra</span> <span class='ocrx_word' id='word_1_136' title='bbox 370 1096 514 1121; x_wconf 87' lang='lat' dir='ltr'>sternum</span> <span class='ocrx_word' id='word_1_137' title='bbox 535 1103 600 1122; x_wconf 90' lang='lat' dir='ltr'>non</span> <span class='ocrx_word' id='word_1_138' title='bbox 621 1094 796 1136; x_wconf 83' lang='lat' dir='ltr'>proserpit,</span> <span class='ocrx_word' id='word_1_139' title='bbox 827 1095 939 1125; x_wconf 88' lang='lat' dir='ltr'>mediis</span> <span class='ocrx_word' id='word_1_140' title='bbox 961 1096 1151 1139; x_wconf 83' lang='lat' dir='ltr'>chirurgicis</span> <span class='ocrx_word' id='word_1_141' title='bbox 1171 1097 1219 1139; x_wconf 85' lang='lat'>(3)</span> <span class='ocrx_word' id='word_1_142' title='bbox 1241 1104 1273 1129; x_wconf 91' lang='lat' dir='ltr'>et</span> <span class='ocrx_word' id='word_1_143' title='bbox 1294 1099 1436 1130; x_wconf 86' lang='lat' dir='ltr'>medica-</span> 
     </span>
     <span class='ocr_line' id='line_1_17' title="bbox 89 1141 1437 1194; baseline 0.01 -23"><span class='ocrx_word' id='word_1_144' title='bbox 89 1141 231 1172; x_wconf 84' lang='lat' dir='ltr'>tionibus</span> <span class='ocrx_word' id='word_1_145' title='bbox 253 1143 357 1173; x_wconf 84' lang='lat' dir='ltr'>sanari</span> <span class='ocrx_word' id='word_1_146' title='bbox 380 1149 499 1186; x_wconf 80' lang='lat' dir='ltr'>potest,</span> <span class='ocrx_word' id='word_1_147' title='bbox 523 1156 595 1187; x_wconf 83' lang='lat' dir='ltr'>quae</span> <span class='ocrx_word' id='word_1_148' title='bbox 617 1152 724 1177; x_wconf 87' lang='lat' dir='ltr'>tamen</span> <span class='ocrx_word' id='word_1_149' title='bbox 745 1148 768 1177; x_wconf 89' lang='lat' dir='ltr'>si</span> <span class='ocrx_word' id='word_1_150' title='bbox 785 1159 849 1178; x_wconf 93' lang='lat' dir='ltr'>non</span> <span class='ocrx_word' id='word_1_151' title='bbox 869 1148 1034 1180; x_wconf 83' lang='lat' dir='ltr'>sufficiunt</span> <span class='ocrx_word' id='word_1_152' title='bbox 1055 1150 1094 1181; x_wconf 87' lang='lat' dir='ltr'>ad</span> <span class='ocrx_word' id='word_1_153' title='bbox 1116 1153 1332 1194; x_wconf 84' lang='lat' dir='ltr'>operationem</span> <span class='ocrx_word' id='word_1_154' title='bbox 1350 1159 1437 1185; x_wconf 82' lang='lat' dir='ltr'>tere-</span> 
     </span>
     <span class='ocr_line' id='line_1_18' title="bbox 87 1194 1435 1244; baseline 0.01 -19"><span class='ocrx_word' id='word_1_155' title='bbox 87 1194 241 1226; x_wconf 84' lang='lat' dir='ltr'>brationis</span> <span class='ocrx_word' id='word_1_156' title='bbox 256 1196 513 1240; x_wconf 81' lang='lat' dir='ltr'>confugiendum</span> <span class='ocrx_word' id='word_1_157' title='bbox 531 1200 608 1238; x_wconf 80' lang='lat' dir='ltr'>erit,</span> <span class='ocrx_word' id='word_1_158' title='bbox 626 1207 661 1232; x_wconf 90' lang='lat' dir='ltr'>ut</span> <span class='ocrx_word' id='word_1_159' title='bbox 672 1202 776 1244; x_wconf 84' lang='lat' dir='ltr'>portio</span> <span class='ocrx_word' id='word_1_160' title='bbox 794 1203 877 1233; x_wconf 87' lang='lat' dir='ltr'>carie</span> <span class='ocrx_word' id='word_1_161' title='bbox 893 1204 1004 1235; x_wconf 77' lang='lat' dir='ltr'>affecta</span> <span class='ocrx_word' id='word_1_162' title='bbox 1018 1205 1201 1236; x_wconf 87' lang='lat' dir='ltr'>auferatur:</span> <span class='ocrx_word' id='word_1_163' title='bbox 1218 1207 1303 1237; x_wconf 89' lang='lat' dir='ltr'>inter</span> <span class='ocrx_word' id='word_1_164' title='bbox 1319 1207 1435 1238; x_wconf 83' lang='lat' dir='ltr'>multas</span> 
     </span>
     <span class='ocr_line' id='line_1_19' title="bbox 88 1249 1436 1299; baseline 0.008 -18"><span class='ocrx_word' id='word_1_165' title='bbox 88 1249 322 1283; x_wconf 85' lang='lat' dir='ltr'>observationes</span> <span class='ocrx_word' id='word_1_166' title='bbox 349 1259 537 1295; x_wconf 81' lang='lat' dir='ltr'>sequentem</span> <span class='ocrx_word' id='word_1_167' title='bbox 566 1254 683 1297; x_wconf 75' lang='lat' dir='ltr'>selegi,</span> <span class='ocrx_word' id='word_1_168' title='bbox 717 1267 790 1298; x_wconf 86' lang='lat' dir='ltr'>quae</span> <span class='ocrx_word' id='word_1_169' title='bbox 820 1257 933 1299; x_wconf 88' lang='lat' dir='ltr'>probat</span> <span class='ocrx_word' id='word_1_170' title='bbox 962 1264 995 1288; x_wconf 85' lang='lat' dir='ltr'>et</span> <span class='ocrx_word' id='word_1_171' title='bbox 1025 1258 1222 1290; x_wconf 81' lang='lat' dir='ltr'>demonstrat</span> <span class='ocrx_word' id='word_1_172' title='bbox 1248 1263 1436 1292; x_wconf 88' lang='lat' dir='ltr'>contusione</span> 
     </span>
     <span class='ocr_line' id='line_1_20' title="bbox 87 1305 1435 1357; baseline 0.007 -22"><span class='ocrx_word' id='word_1_173' title='bbox 87 1315 177 1347; x_wconf 87' lang='lat' dir='ltr'>posse</span> <span class='ocrx_word' id='word_1_174' title='bbox 203 1305 320 1336; x_wconf 85' lang='lat' dir='ltr'>cariem</span> <span class='ocrx_word' id='word_1_175' title='bbox 348 1307 448 1338; x_wconf 82' lang='lat' dir='ltr'>sterni</span> <span class='ocrx_word' id='word_1_176' title='bbox 470 1307 545 1337; x_wconf 83' lang='lat' dir='ltr'>oriri</span> <span class='ocrx_word' id='word_1_177' title='bbox 569 1314 601 1338; x_wconf 87' lang='lat' dir='ltr'>et</span> <span class='ocrx_word' id='word_1_178' title='bbox 625 1308 727 1339; x_wconf 65' lang='lat' dir='ltr'>ablata</span> <span class='ocrx_word' id='word_1_179' title='bbox 751 1316 841 1352; x_wconf 89' lang='lat' dir='ltr'>parte</span> <span class='ocrx_word' id='word_1_180' title='bbox 866 1310 1007 1342; x_wconf 69' lang='lat' dir='ltr'>morbos-21</span> <span class='ocrx_word' id='word_1_181' title='bbox 1030 1311 1114 1342; x_wconf 83' lang='lat' dir='ltr'>banc</span> <span class='ocrx_word' id='word_1_182' title='bbox 1135 1324 1224 1355; x_wconf 82' lang='lat' dir='ltr'>posse</span> <span class='ocrx_word' id='word_1_183' title='bbox 1244 1314 1347 1344; x_wconf 79' lang='lat' dir='ltr'>sanari</span> <span class='ocrx_word' id='word_1_184' title='bbox 1370 1314 1435 1357; x_wconf 70' lang='grc' dir='ltr'>(ζι);</span> 
     </span>
     <span class='ocr_line' id='line_1_21' title="bbox 89 1357 1434 1403; baseline 0.008 -15"><span class='ocrx_word' id='word_1_185' title='bbox 89 1369 108 1388; x_wconf 87' lang='grc'>))</span> <span class='ocrx_word' id='word_1_186' title='bbox 125 1357 183 1389; x_wconf 86' lang='lat' dir='ltr'>Vir</span> <span class='ocrx_word' id='word_1_187' title='bbox 194 1358 324 1401; x_wconf 79' lang='lat' dir='ltr'>quidam</span> <span class='ocrx_word' id='word_1_188' title='bbox 341 1358 468 1403; x_wconf 69' lang='lat' dir='ltr'>juvenis</span> <span class='ocrx_word' id='word_1_189' title='bbox 484 1360 683 1403; x_wconf 77' lang='lat' dir='ltr'>palaestricus</span> <span class='ocrx_word' id='word_1_190' title='bbox 696 1363 729 1393; x_wconf 93' lang='lat' dir='ltr'>in</span> <span class='ocrx_word' id='word_1_191' title='bbox 746 1362 922 1395; x_wconf 86' lang='lat' dir='ltr'>luctatione</span> <span class='ocrx_word' id='word_1_192' title='bbox 934 1365 968 1395; x_wconf 88' lang='lat' dir='ltr'>in</span> <span class='ocrx_word' id='word_1_193' title='bbox 983 1371 1127 1397; x_wconf 81' lang='lat' dir='ltr'>sternum</span> <span class='ocrx_word' id='word_1_194' title='bbox 1142 1366 1316 1398; x_wconf 60' lang='lat' dir='ltr'>violentem</span> <span class='ocrx_word' id='word_1_195' title='bbox 1333 1369 1434 1399; x_wconf 86' lang='lat' dir='ltr'>ictum</span> 
     </span>
     <span class='ocr_line' id='line_1_22' title="bbox 89 1413 1434 1462; baseline 0.009 -21"><span class='ocrx_word' id='word_1_196' title='bbox 89 1423 107 1442; x_wconf 86' lang='grc'>))</span> <span class='ocrx_word' id='word_1_197' title='bbox 124 1413 263 1454; x_wconf 79' lang='lat' dir='ltr'>recepit,</span> <span class='ocrx_word' id='word_1_198' title='bbox 288 1424 384 1455; x_wconf 88' lang='lat' dir='ltr'>quem</span> <span class='ocrx_word' id='word_1_199' title='bbox 406 1414 499 1445; x_wconf 91' lang='lat' dir='ltr'>nihili</span> <span class='ocrx_word' id='word_1_200' title='bbox 525 1415 645 1446; x_wconf 87' lang='lat' dir='ltr'>faciens</span> <span class='ocrx_word' id='word_1_201' title='bbox 667 1416 820 1458; x_wconf 74' lang='lat' dir='ltr'>neglexit.</span> <span class='ocrx_word' id='word_1_202' title='bbox 851 1418 1000 1456; x_wconf 84' lang='lat' dir='ltr'>Quatuor</span> <span class='ocrx_word' id='word_1_203' title='bbox 1024 1419 1138 1462; x_wconf 84' lang='lat' dir='ltr'>elapsis</span> <span class='ocrx_word' id='word_1_204' title='bbox 1161 1420 1340 1460; x_wconf 82' lang='lat' dir='ltr'>mensibus,</span> <span class='ocrx_word' id='word_1_205' title='bbox 1367 1421 1434 1453; x_wconf 87' lang='lat' dir='ltr'>bini</span> 
     </span>
     <span class='ocr_line' id='line_1_23' title="bbox 89 1465 1434 1516; baseline 0.007 -20"><span class='ocrx_word' id='word_1_206' title='bbox 89 1465 270 1498; x_wconf 73' lang='lat' dir='ltr'>»abcessus</span> <span class='ocrx_word' id='word_1_207' title='bbox 291 1475 529 1510; x_wconf 52' lang='lat' dir='ltr'>apparuerunt:</span> <span class='ocrx_word' id='word_1_208' title='bbox 550 1470 606 1512; x_wconf 91' lang='lat' dir='ltr'>qni</span> <span class='ocrx_word' id='word_1_209' title='bbox 627 1482 686 1512; x_wconf 89' lang='lat' dir='ltr'>pus</span> <span class='ocrx_word' id='word_1_210' title='bbox 708 1482 803 1502; x_wconf 86' lang='lat' dir='ltr'>suum</span> <span class='ocrx_word' id='word_1_211' title='bbox 826 1472 1000 1512; x_wconf 81' lang='lat' dir='ltr'>fuderunt,</span> <span class='ocrx_word' id='word_1_212' title='bbox 1027 1479 1059 1504; x_wconf 87' lang='lat' dir='ltr'>et</span> <span class='ocrx_word' id='word_1_213' title='bbox 1081 1485 1219 1516; x_wconf 87' lang='lat' dir='ltr'>qnorum</span> <span class='ocrx_word' id='word_1_214' title='bbox 1244 1474 1323 1506; x_wconf 83' lang='lat' dir='ltr'>alter·</span> <span class='ocrx_word' id='word_1_215' title='bbox 1342 1476 1434 1507; x_wconf 76' lang='lat' dir='ltr'>{istu-</span> 
     </span>
     <span class='ocr_line' id='line_1_24' title="bbox 89 1518 1433 1571; baseline 0.009 -23"><span class='ocrx_word' id='word_1_216' title='bbox 89 1529 108 1548; x_wconf 71' lang='lat'>3)</span> <span class='ocrx_word' id='word_1_217' title='bbox 124 1518 186 1549; x_wconf 83' lang='lat' dir='ltr'>lam</span> <span class='ocrx_word' id='word_1_218' title='bbox 206 1519 365 1563; x_wconf 75' lang='lat' dir='ltr'>reliqnit3,</span> <span class='ocrx_word' id='word_1_219' title='bbox 383 1521 542 1553; x_wconf 72' lang='lat' dir='ltr'>advocatis</span> <span class='ocrx_word' id='word_1_220' title='bbox 569 1523 699 1554; x_wconf 84' lang='lat' dir='ltr'>medicis</span> <span class='ocrx_word' id='word_1_221' title='bbox 722 1530 754 1555; x_wconf 84' lang='lat' dir='ltr'>et</span> <span class='ocrx_word' id='word_1_222' title='bbox 775 1525 914 1565; x_wconf 76' lang='lat' dir='ltr'>Galeno⁷</span> <span class='ocrx_word' id='word_1_223' title='bbox 936 1537 975 1557; x_wconf 80' lang='lat' dir='ltr'>ex</span> <span class='ocrx_word' id='word_1_224' title='bbox 997 1527 1305 1569; x_wconf 82' lang='lat' dir='ltr'>perscrutationibus</span> <span class='ocrx_word' id='word_1_225' title='bbox 1328 1530 1433 1571; x_wconf 82' lang='lat' dir='ltr'>patuit</span> 
     </span>
     <span class='ocr_line' id='line_1_25' title="bbox 90 1576 1433 1623; baseline 0.008 -21"><span class='ocrx_word' id='word_1_226' title='bbox 90 1582 108 1602; x_wconf 83' lang='grc'>))</span> <span class='ocrx_word' id='word_1_227' title='bbox 125 1578 268 1604; x_wconf 86' lang='lat' dir='ltr'>sternum</span> <span class='ocrx_word' id='word_1_228' title='bbox 279 1584 345 1605; x_wconf 89' lang='lat' dir='ltr'>esse</span> <span class='ocrx_word' id='word_1_229' title='bbox 356 1576 439 1606; x_wconf 85' lang='lat' dir='ltr'>carie</span> <span class='ocrx_word' id='word_1_230' title='bbox 451 1576 618 1608; x_wconf 80' lang='lat' dir='ltr'>affectum:</span> <span class='ocrx_word' id='word_1_231' title='bbox 634 1577 785 1609; x_wconf 81' lang='lat' dir='ltr'>audacter</span> <span class='ocrx_word' id='word_1_232' title='bbox 798 1578 915 1622; x_wconf 87' lang='lat' dir='ltr'>rejecto</span> <span class='ocrx_word' id='word_1_233' title='bbox 927 1581 1039 1623; x_wconf 74' lang='lat' dir='ltr'>quovis</span> <span class='ocrx_word' id='word_1_234' title='bbox 1052 1582 1166 1613; x_wconf 85' lang='lat' dir='ltr'>timore</span> <span class='ocrx_word' id='word_1_235' title='bbox 1175 1583 1291 1613; x_wconf 84' lang='lat' dir='ltr'>cariem</span> <span class='ocrx_word' id='word_1_236' title='bbox 1304 1582 1433 1615; x_wconf 81' lang='lat' dir='ltr'>abstulit</span> 
     </span>
     <span class='ocr_line' id='line_1_26' title="bbox 89 1625 1433 1676; baseline 0.011 -21"><span class='ocrx_word' id='word_1_237' title='bbox 89 1636 108 1655; x_wconf 84' lang='lat'>))</span> <span class='ocrx_word' id='word_1_238' title='bbox 128 1625 287 1667; x_wconf 79' lang='lat' dir='ltr'>Galenus3</span> <span class='ocrx_word' id='word_1_239' title='bbox 316 1629 381 1670; x_wconf 61' lang='lat' dir='ltr'>qua</span> <span class='ocrx_word' id='word_1_240' title='bbox 408 1630 542 1669; x_wconf 66' lang='lat' dir='ltr'>semota,</span> <span class='ocrx_word' id='word_1_241' title='bbox 573 1633 723 1675; x_wconf 82' lang='lat' dir='ltr'>apparuit</span> <span class='ocrx_word' id='word_1_242' title='bbox 748 1634 963 1676; x_wconf 85' lang='lat' dir='ltr'>pericardinm</span> <span class='ocrx_word' id='word_1_243' title='bbox 992 1636 1105 1667; x_wconf 68' lang='lat' dir='ltr'>natura</span> <span class='ocrx_word' id='word_1_244' title='bbox 1132 1637 1188 1668; x_wconf 59' lang='lat' dir='ltr'>sn&amp;</span> <span class='ocrx_word' id='word_1_245' title='bbox 1216 1643 1376 1669; x_wconf 87' lang='lat' dir='ltr'>mutatum</span> <span class='ocrx_word' id='word_1_246' title='bbox 1402 1645 1433 1670; x_wconf 87' lang='lat' dir='ltr'>et</span> 
     </span>
     <span class='ocr_line' id='line_1_27' title="bbox 89 1679 1432 1735; baseline 0.011 -27"><span class='ocrx_word' id='word_1_247' title='bbox 89 1689 107 1709; x_wconf 66' lang='lat'>&gt;2</span> <span class='ocrx_word' id='word_1_248' title='bbox 124 1689 178 1710; x_wconf 91' lang='lat' dir='ltr'>cor</span> <span class='ocrx_word' id='word_1_249' title='bbox 196 1679 322 1711; x_wconf 86' lang='lat' dir='ltr'>nudum</span> <span class='ocrx_word' id='word_1_250' title='bbox 342 1683 611 1725; x_wconf 79' lang='lat' dir='ltr'>conspiciebatur3</span> <span class='ocrx_word' id='word_1_251' title='bbox 634 1697 706 1728; x_wconf 83' lang='lat' dir='ltr'>quae</span> <span class='ocrx_word' id='word_1_252' title='bbox 726 1688 831 1718; x_wconf 85' lang='lat' dir='ltr'>omnia</span> <span class='ocrx_word' id='word_1_253' title='bbox 853 1688 975 1719; x_wconf 82' lang='lat' dir='ltr'>Caleno</span> <span class='ocrx_word' id='word_1_254' title='bbox 998 1689 1113 1720; x_wconf 84' lang='lat' dir='ltr'>malam</span> <span class='ocrx_word' id='word_1_255' title='bbox 1130 1690 1169 1721; x_wconf 90' lang='lat' dir='ltr'>de</span> <span class='ocrx_word' id='word_1_256' title='bbox 1185 1692 1276 1722; x_wconf 84' lang='lat' dir='ltr'>exitu</span> <span class='ocrx_word' id='word_1_257' title='bbox 1292 1703 1432 1735; x_wconf 82' lang='lat' dir='ltr'>progno—</span> 
     </span>
     <span class='ocr_line' id='line_1_28' title="bbox 89 1733 1429 1788; baseline 0.012 -26"><span class='ocrx_word' id='word_1_258' title='bbox 89 1743 108 1763; x_wconf 86' lang='lat'>))</span> <span class='ocrx_word' id='word_1_259' title='bbox 125 1733 181 1763; x_wconf 90' lang='lat' dir='ltr'>sim</span> <span class='ocrx_word' id='word_1_260' title='bbox 200 1734 450 1776; x_wconf 75' lang='lat' dir='ltr'>portendebant3</span> <span class='ocrx_word' id='word_1_261' title='bbox 472 1743 612 1770; x_wconf 84' lang='lat' dir='ltr'>attamen</span> <span class='ocrx_word' id='word_1_262' title='bbox 630 1740 841 1773; x_wconf 83' lang='lat' dir='ltr'>nihilominus</span> <span class='ocrx_word' id='word_1_263' title='bbox 859 1743 1026 1786; x_wconf 72' lang='lat' dir='ltr'>completae</span> <span class='ocrx_word' id='word_1_264' title='bbox 1044 1750 1140 1787; x_wconf 81' lang='lat' dir='ltr'>atque</span> <span class='ocrx_word' id='word_1_265' title='bbox 1157 1746 1290 1788; x_wconf 76' lang='lat' dir='ltr'>integrae</span> <span class='ocrx_word' id='word_1_266' title='bbox 1306 1749 1429 1778; x_wconf 83' lang='lat' dir='ltr'>sanitati</span> 
     </span>
     <span class='ocr_line' id='line_1_29' title="bbox 89 1788 888 1838; baseline 0.016 -22"><span class='ocrx_word' id='word_1_267' title='bbox 89 1797 107 1817; x_wconf 85' lang='grc'>))</span> <span class='ocrx_word' id='word_1_268' title='bbox 123 1788 291 1819; x_wconf 81' lang='lat' dir='ltr'>restitutus</span> <span class='ocrx_word' id='word_1_269' title='bbox 310 1795 356 1819; x_wconf 87' lang='lat' dir='ltr'>est</span> <span class='ocrx_word' id='word_1_270' title='bbox 376 1791 537 1823; x_wconf 85' lang='lat' dir='ltr'>sauciatus</span> <span class='ocrx_word' id='word_1_271' title='bbox 555 1792 610 1824; x_wconf 88' lang='lat' dir='ltr'>ille</span> <span class='ocrx_word' id='word_1_272' title='bbox 631 1800 695 1826; x_wconf 82' lang='lat' dir='ltr'>tam</span> <span class='ocrx_word' id='word_1_273' title='bbox 717 1796 888 1838; x_wconf 81' lang='lat' dir='ltr'>graviter.”</span> 
     </span>
    </p>
   </div>
   <div class='ocr_carea' id='block_1_3' title="bbox 132 1840 1429 1895">
    <p class='ocr_par' dir='ltr' id='par_1_4' title="bbox 132 1840 1429 1895">
     <span class='ocr_line' id='line_1_30' title="bbox 132 1840 1429 1895; baseline 0.011 -24"><span class='ocrx_word' id='word_1_274' title='bbox 132 1840 248 1873; x_wconf 87' lang='lat' dir='ltr'>Omnia</span> <span class='ocrx_word' id='word_1_275' title='bbox 270 1842 369 1886; x_wconf 78' lang='lat' dir='ltr'>igitur</span> <span class='ocrx_word' id='word_1_276' title='bbox 386 1855 443 1875; x_wconf 89' lang='lat' dir='ltr'>nos</span> <span class='ocrx_word' id='word_1_277' title='bbox 462 1846 496 1876; x_wconf 87' lang='lat' dir='ltr'>in</span> <span class='ocrx_word' id='word_1_278' title='bbox 512 1856 549 1877; x_wconf 85' lang='lat' dir='ltr'>eo</span> <span class='ocrx_word' id='word_1_279' title='bbox 569 1846 689 1879; x_wconf 89' lang='lat' dir='ltr'>ducere</span> <span class='ocrx_word' id='word_1_280' title='bbox 707 1849 875 1891; x_wconf 84' lang='lat' dir='ltr'>videntur,</span> <span class='ocrx_word' id='word_1_281' title='bbox 897 1857 934 1882; x_wconf 82' lang='lat' dir='ltr'>ut</span> <span class='ocrx_word' id='word_1_282' title='bbox 955 1852 999 1882; x_wconf 86' lang='lat' dir='ltr'>sic</span> <span class='ocrx_word' id='word_1_283' title='bbox 1021 1863 1093 1883; x_wconf 77' lang='lat' dir='ltr'>cuin</span> <span class='ocrx_word' id='word_1_284' title='bbox 1117 1852 1213 1883; x_wconf 79' lang='lat' dir='ltr'>Orfila</span> <span class='ocrx_word' id='word_1_285' title='bbox 1234 1853 1280 1895; x_wconf 81' lang='lat'>(5)</span> <span class='ocrx_word' id='word_1_286' title='bbox 1299 1860 1429 1885; x_wconf 86' lang='lat' dir='ltr'>senten-</span> 
     </span>
    </p>
   </div>
   <div class='ocr_carea' id='block_1_4' title="bbox 536 1923 1420 1936">
    <p class='ocr_par' dir='ltr' id='par_1_5' title="bbox 536 1923 1420 1936">
     <span class='ocr_line' id='line_1_31' title="bbox 536 1923 1420 1936; baseline 0 684"><span class='ocrx_word' id='word_1_287' title='bbox 536 1923 1420 1936; x_wconf 95' lang='lat' dir='ltr'> </span> 
     </span>
    </p>
   </div>
   <div class='ocr_carea' id='block_1_5' title="bbox 145 1957 769 2155">
    <p class='ocr_par' dir='ltr' id='par_1_6' title="bbox 147 1957 568 1992">
     <span class='ocr_line' id='line_1_32' title="bbox 147 1957 568 1992; baseline 0.012 -13"><span class='ocrx_word' id='word_1_288' title='bbox 147 1957 179 1986; x_wconf 87' lang='lat'>(1)</span> <span class='ocrx_word' id='word_1_289' title='bbox 197 1958 227 1980; x_wconf 92' lang='lat' dir='ltr'>L.</span> <span class='ocrx_word' id='word_1_290' title='bbox 247 1958 283 1986; x_wconf 91' lang='lat' dir='ltr'>l.,</span> <span class='ocrx_word' id='word_1_291' title='bbox 307 1963 368 1981; x_wconf 83' lang='lat' dir='ltr'>tom.</span> <span class='ocrx_word' id='word_1_292' title='bbox 390 1961 411 1982; x_wconf 90' lang='lat'>1.</span> <span class='ocrx_word' id='word_1_293' title='bbox 436 1968 492 1992; x_wconf 82' lang='lat' dir='ltr'>pag.</span> <span class='ocrx_word' id='word_1_294' title='bbox 514 1963 568 1984; x_wconf 81' lang='lat'>231.</span> 
     </span>
    </p>

    <p class='ocr_par' dir='ltr' id='par_1_7' title="bbox 147 1997 677 2034">
     <span class='ocr_line' id='line_1_33' title="bbox 147 1997 677 2034; baseline 0.015 -16"><span class='ocrx_word' id='word_1_295' title='bbox 147 1997 178 2024; x_wconf 70' lang='lat'>(2)</span> <span class='ocrx_word' id='word_1_296' title='bbox 198 1997 289 2027; x_wconf 77' lang='lat' dir='ltr'>Boyer,</span> <span class='ocrx_word' id='word_1_297' title='bbox 306 1998 325 2020; x_wconf 92' lang='lat' dir='ltr'>l.</span> <span class='ocrx_word' id='word_1_298' title='bbox 345 1999 383 2027; x_wconf 86' lang='lat' dir='ltr'>l.‚</span> <span class='ocrx_word' id='word_1_299' title='bbox 405 2005 465 2023; x_wconf 80' lang='lat' dir='ltr'>toni.</span> <span class='ocrx_word' id='word_1_300' title='bbox 488 2003 523 2024; x_wconf 80' lang='grc' dir='ltr'>ΙΙ.</span> <span class='ocrx_word' id='word_1_301' title='bbox 544 2010 600 2034; x_wconf 83' lang='lat' dir='ltr'>pag.</span> <span class='ocrx_word' id='word_1_302' title='bbox 623 2005 677 2027; x_wconf 72' lang='lat'>235.</span> 
     </span>
    </p>

    <p class='ocr_par' dir='ltr' id='par_1_8' title="bbox 147 2037 577 2072">
     <span class='ocr_line' id='line_1_34' title="bbox 147 2037 577 2072; baseline 0.016 -14"><span class='ocrx_word' id='word_1_303' title='bbox 147 2037 179 2065; x_wconf 77' lang='lat'>(3)</span> <span class='ocrx_word' id='word_1_304' title='bbox 197 2038 280 2065; x_wconf 52' lang='lat' dir='ltr'>ibid„</span> <span class='ocrx_word' id='word_1_305' title='bbox 301 2042 362 2061; x_wconf 83' lang='lat' dir='ltr'>tom.</span> <span class='ocrx_word' id='word_1_306' title='bbox 384 2041 420 2062; x_wconf 83' lang='lat'>11.</span> <span class='ocrx_word' id='word_1_307' title='bbox 445 2049 501 2072; x_wconf 80' lang='lat' dir='ltr'>pag.</span> <span class='ocrx_word' id='word_1_308' title='bbox 522 2043 577 2065; x_wconf 80' lang='lat'>236.</span> 
     </span>
    </p>

    <p class='ocr_par' dir='ltr' id='par_1_9' title="bbox 145 2077 678 2112">
     <span class='ocr_line' id='line_1_35' title="bbox 145 2077 678 2112; baseline 0.015 -14"><span class='ocrx_word' id='word_1_309' title='bbox 145 2077 177 2106; x_wconf 64' lang='lat'>(4)</span> <span class='ocrx_word' id='word_1_310' title='bbox 196 2078 287 2108; x_wconf 77' lang='lat' dir='ltr'>Boyer,</span> <span class='ocrx_word' id='word_1_311' title='bbox 308 2078 327 2101; x_wconf 86' lang='lat' dir='ltr'>l.</span> <span class='ocrx_word' id='word_1_312' title='bbox 346 2079 382 2107; x_wconf 81' lang='lat'>1.‚</span> <span class='ocrx_word' id='word_1_313' title='bbox 402 2084 463 2103; x_wconf 80' lang='lat' dir='ltr'>tom.</span> <span class='ocrx_word' id='word_1_314' title='bbox 486 2083 521 2105; x_wconf 85' lang='lat'>11.</span> <span class='ocrx_word' id='word_1_315' title='bbox 545 2090 602 2112; x_wconf 77' lang='lat' dir='ltr'>pag.</span> <span class='ocrx_word' id='word_1_316' title='bbox 624 2084 678 2106; x_wconf 75' lang='lat'>238.</span> 
     </span>
    </p>

    <p class='ocr_par' dir='ltr' id='par_1_10' title="bbox 146 2118 769 2155">
     <span class='ocr_line' id='line_1_36' title="bbox 146 2118 769 2155; baseline 0.014 -16"><span class='ocrx_word' id='word_1_317' title='bbox 146 2118 178 2146; x_wconf 78' lang='lat'>(5)</span> <span class='ocrx_word' id='word_1_318' title='bbox 195 2118 263 2141; x_wconf 78' lang='lat' dir='ltr'>Me‘d.</span> <span class='ocrx_word' id='word_1_319' title='bbox 284 2119 348 2150; x_wconf 47' lang='lat' dir='ltr'>leg„</span> <span class='ocrx_word' id='word_1_320' title='bbox 368 2121 420 2143; x_wconf 82' lang='lat' dir='ltr'>vol.</span> <span class='ocrx_word' id='word_1_321' title='bbox 440 2123 462 2144; x_wconf 76' lang='grc' dir='ltr'>Ι.</span> <span class='ocrx_word' id='word_1_322' title='bbox 482 2123 560 2152; x_wconf 78' lang='lat' dir='ltr'>partie</span> <span class='ocrx_word' id='word_1_323' title='bbox 578 2125 614 2146; x_wconf 78' lang='lat'>11.</span> <span class='ocrx_word' id='word_1_324' title='bbox 638 2132 694 2155; x_wconf 67' lang='lat' dir='ltr'>pag.</span> <span class='ocrx_word' id='word_1_325' title='bbox 714 2124 769 2147; x_wconf 76' lang='lat'>630.</span> 
     </span>
    </p>
   </div>
   <div class='ocr_carea' id='block_1_6' title="bbox 231 2187 250 2194">
    <p class='ocr_par' dir='ltr' id='par_1_11' title="bbox 231 2187 250 2194">
     <span class='ocr_line' id='line_1_37' title="bbox 231 2187 250 2194; baseline 0 0"><span class='ocrx_word' id='word_1_326' title='bbox 231 2187 250 2194; x_wconf 49' lang='grc' dir='ltr'><strong>β</strong></span> 
     </span>
    </p>
   </div>
  </div>
 </body>
</html>
