1747 2620
618 561 960 602 EXPOSITIO
1020 561 1371 604 DOCTRINAE

330 699 423 755 De
467 695 738 756 ,Iuribus
787 711 1252 756 extraneorum
1300 700 1366 757 in
1416 700 1659 780 Belgio,

482 864 756 893 SECUNDUM
788 865 874 893 JUS
906 866 1149 895 NOSTRUM
1182 866 1503 896 Honlnmvum.

897 1001 1086 1017 ψ

371 1118 396 1149 Ι.
433 1117 714 1157 Quemadmodum
738 1118 771 1150 in
799 1118 1036 1151 introductione
1062 1118 1102 1151 ad
1126 1118 1210 1150 hanc
1233 1119 1463 1162 expositionem
1490 1118 1660 1150 exordiiim

330 1171 525 1203 ducebamus
559 1172 598 1203 ab
624 1172 691 1215 ipsa
718 1173 887 1215 originaria
913 1174 1053 1204 nominis
1083 1180 1311 1205 extraneorum
1339 1173 1570 1216 significatione
1595 1179 1662 1203 tra-

328 1225 450 1266 denda,
484 1226 528 1257 ita
558 1232 590 1257 et
618 1226 670 1257 hie
696 1238 876 1270 congruum
900 1227 1049 1268 videtur,
1080 1228 1212 1270 quinam
1242 1239 1280 1259 eo
1304 1227 1436 1258 nomine
1471 1228 1506 1257 in
1537 1227 1663 1268 Belgio

327 1279 546 1321 declarentur,
562 1281 651 1324 prius
666 1281 815 1322 definire,
831 1292 928 1324 quam
942 1282 977 1312 in
991 1293 1171 1313 sermonem
1186 1281 1417 1325 ingrediamur.
1434 1280 1533 1312 Plana
1551 1285 1660 1311 autem

327 1340 423 1377 atque
447 1341 554 1378 aperta
578 1336 628 1368 via
649 1342 712 1376 est,
737 1337 762 1367 si
783 1336 877 1368 modo
899 1335 938 1367 ad
960 1347 996 1367 ea
1020 1336 1237 1376 attendamus,
1266 1346 1337 1378 quae
1361 1335 1427 1366 illic
1454 1334 1537 1365 dicta
1563 1339 1659 1372 sunt,

324 1399 442 1431 nempe
463 1390 613 1421 universe
634 1396 800 1421 extraneos
821 1401 887 1421 esse
909 1401 1019 1421 omnes
1039 1390 1109 1420 illos
1126 1391 1182 1432 qui
1199 1389 1356 1420 societatis
1372 1388 1473 1420 civilis
1490 1387 1661 1430 participes

323 1453 388 1472 non
409 1448 495 1473 suut.
520 1442 602 1474 Nam
623 1444 708 1474 cives
728 1443 835 1486 Belgae
859 1443 915 1486 qui
936 1443 1016 1482 sint,
1039 1443 1116 1485 ipsae
1137 1443 1223 1486 leges
1242 1442 1401 1480 indicant,
1424 1446 1522 1483 atque
1542 1451 1582 1471 ex
1606 1451 1662 1471 co—

325 1496 468 1538 gnitione
483 1507 595 1527 eorum
616 1498 673 1539 qui
696 1497 781 1529 cives
801 1503 892 1536 sunt,
914 1502 1025 1538 sponte
1046 1502 1195 1539 apparet,
1216 1496 1348 1538 quinam
1366 1506 1431 1525 non
1453 1494 1557 1534 cives,
1584 1494 1606 1525 i.
1628 1504 1658 1524 e.

326 1550 458 1592 quinam
485 1550 629 1581 extranei
654 1551 727 1581 sint.

367 1636 407 1667 II.
447 1636 590 1669 Civitatis
611 1644 719 1669 autem
746 1637 885 1680 Belgicae
908 1638 1002 1677 socii,
1030 1637 1081 1670 vel
1108 1637 1185 1668 tales
1210 1637 1276 1668 nali
1301 1642 1393 1676 sunt,
1418 1636 1470 1668 vel
1494 1642 1601 1678 postea
1625 1636 1659 1666 in

324 1701 395 1722 earn
417 1690 632 1722 conditionem
653 1691 774 1722 adsciti.
802 1691 894 1723 Cives
914 1691 1022 1735 Belgae
1041 1698 1235 1731 nascuntur,
1256 1702 1294 1722 ex
1316 1690 1395 1733 juris
1418 1689 1534 1719 Gallici
1553 1688 1659 1719 adhuc

324 1745 475 1775 universe
501 1745 637 1786 vigentis
662 1745 842 1787 principiis,
873 1756 982 1776 omnes
1007 1746 1063 1788 qui
1088 1757 1127 1776 ex
1149 1744 1336 1788 parentibus
1360 1742 1467 1785 Belgis
1490 1743 1659 1780 oriuntur,

325 1799 392 1829 sive
408 1797 440 1828 in
453 1798 612 1828 territorio
628 1797 774 1840 Belgico,
791 1798 856 1830 sive
872 1799 905 1829 in
922 1798 1026 1830 alieno
1042 1799 1149 1830 lucem
1164 1798 1350 1841 adspiciant.
1371 1797 1448 1838 (art.
1463 1797 1514 1826 10.
1526 1795 1561 1826 C.
1575 1794 1660 1837 Civ.)

324 1851 357 1882 Si
377 1852 448 1894 quis
468 1862 544 1883 vero
565 1862 604 1882 ex
625 1851 811 1894 parentibus
832 1851 1020 1895 alienigenis
1040 1859 1096 1883 aut
1113 1852 1275 1896 quondam
1292 1851 1398 1894 Belgis
1418 1851 1450 1881 in
1467 1855 1575 1880 nostro
1590 1855 1659 1880 ter-

324 1906 435 1937 ritorio
456 1911 622 1944 nascatur,
656 1905 754 1948 Belga
776 1906 907 1949 quidem
929 1913 994 1946 est,
1021 1918 1136 1939 verum
1158 1912 1196 1938 ut
1216 1907 1249 1937 in
1270 1905 1330 1936 hac
1355 1904 1537 1935 conditione
1561 1903 1658 1934 etiam

325 1966 396 2004 post
416 1960 691 2004 majorennitatem
715 1966 917 2002 permaneat,
943 1971 978 1991 ea
997 1971 1068 2003 quae
1087 1961 1121 1990 in
1140 1965 1189 1991 art
1204 1959 1236 1991 9.
1256 1958 1291 1989 C.
1309 1957 1377 1990 Civ.
1400 1957 1552 2000 requisita
1568 1962 1658 1995 sunt,

325 2025 451 2046 servare
476 2020 615 2045 tenetur.
645 2013 707 2044 Has
727 2013 807 2058 juris
829 2014 944 2045 Gallici
968 2014 1186 2057 dispositiones
1204 2012 1369 2056 sequentia
1394 2011 1518 2042 Codicis
1537 2009 1659 2053 Belgici

326 2069 430 2100 futuri
460 2074 574 2099 statuta
598 2068 776 2110 excipient:
806 2067 954 2100 videlicet
978 2067 1156 2099 secundum
1181 2072 1240 2098 art.
1264 2067 1296 2097 2.
1320 2065 1370 2097 tit.
1391 2066 1423 2095 2.
1447 2063 1504 2095 lib.
1526 2063 1551 2094 I.
1580 2062 1657 2094 Cod.

329 2125 397 2157 Civ.
422 2123 511 2166 Belg.
535 2122 648 2165 Belgas
667 2123 813 2155 nativitas
834 2123 928 2154 facit:
959 2122 996 2165 1)
1022 2133 1074 2154 eos
1092 2122 1149 2166 qui
1170 2125 1346 2152 nascuntur
1367 2119 1401 2150 in
1417 2117 1528 2161 Belgio
1548 2116 1658 2162 ejusve
