1747 2620
706 223 721 262 (
746 222 784 252 1³
810 223 824 262 )

101 300 212 332 cialem
232 310 308 332 vero
329 296 561 341 magistratibus
580 296 614 327 in
634 301 757 327 certum
778 300 905 337 tempus
925 306 943 326 a
962 295 1080 338 populo
1101 294 1267 337 eligendis,
1291 295 1423 327 deman-

102 353 237 385 dandam
256 362 337 390 esse,
359 356 396 382 ut
415 349 499 382 salva
523 350 563 380 sit
579 349 698 381 civium
719 348 862 388 libertas,
884 349 1079 391 argumentis
1101 359 1118 379 e
1136 349 1256 379 ratione
1279 348 1374 379 simul
1392 356 1424 379 et

101 405 228 437 historia
258 404 364 447 petitis
390 403 508 445 optime
531 401 756 444 comprobavit.
779 401 892 433 Paullo
919 408 989 445 post
1015 403 1193 433 Rozasseaa
1217 412 1325 433 veram
1348 413 1425 432 con-

103 459 221 490 tractus
250 457 371 488 socialis
394 463 542 488 naturam
567 462 600 487 et
621 455 762 486 indolem
788 456 965 487 accuratius
991 456 1188 493 examinare,
1212 460 1259 492 et‚
1286 466 1363 496 quas
1391 455 1425 484 iu

101 511 215 554 Anglia
230 511 352 552 Sidney
367 516 399 541 et
420 510 512 541 Loke
531 510 591 540 hac
611 509 650 540 de
665 520 700 540 re
720 514 965 551 proposuerant,
982 508 1137 539 doctrinas
1153 508 1250 550 inagis
1266 507 1424 549 explicare

101 566 236 597 tentavit
263 570 296 595 et
323 564 519 595 confirmare.
553 562 834 601 Quemadmodum
860 562 1000 593 Hobbes
1030 567 1061 592 et
1091 561 1200 598 Lake,
1231 561 1273 591 sic
1298 571 1425 602 quoque

102 618 280 649 Rousseau
299 617 444 648 homines
465 616 504 647 ab
527 616 647 659 origine
669 616 704 646 in
727 621 811 646 statu
832 614 970 646 naturali
994 615 1105 646 vixisse
1132 614 1249 645 docuit.
1280 613 1326 644 Ut
1351 624 1425 645 vero

101 671 219 714 singuli
239 680 446 713 personarum
461 670 682 712 bonorumque
705 669 892 700 fruerentur
913 667 1060 711 praesidio
1082 673 1177 709 atque
1194 666 1309 705 tutela,
1330 678 1425 708 quam

102 724 252 768 disjuncti
268 735 331 755 non
347 730 494 767 poterant
512 723 672 762 obtinere,
694 723 903 754 conventione
922 722 1101 752 societatem
1126 721 1308 759 iniverunt,
1331 730 1426 761 quam

101 776 331 820 rempublicam
363 776 570 819 appellamus.
607 775 680 814 Qua
714 775 845 817 quidem
880 775 1109 812 conventione,
1140 773 1239 804 libero
1271 783 1425 803 consensu

101 841 166 861 non
188 841 261 861 cum
281 830 460 872 superiore,
486 829 540 860 sed
560 840 634 860 cum
656 830 745 860 sociis
766 828 912 860 omnibus
936 828 1111 867 contracta,
1133 827 1249 869 singuli
1271 827 1426 858 universis

100 884 299 915 voluntatem
323 885 470 926 viresque
490 895 577 922 suas,
602 894 768 925 personam
790 889 822 913 et
845 882 942 921 bona,
965 882 1069 912 omnia
1090 882 1219 912 omuino
1240 886 1272 911 et
1295 881 1329 910 in
1351 890 1426 922 per-

102 942 239 979 petuum
260 936 466 980 subjecerunt
485 942 517 967 et
532 936 621 978 quasi
642 936 874 977 manciparunt.
899 934 1083 965 Communis
1103 934 1259 964 sociorum
1280 932 1426 964 voluntas

103 995 151 1020 est
170 990 260 1025 Lex,
283 1000 354 1031 quae
373 989 494 1020 nullam
515 995 617 1031 potest
636 988 785 1032 injuriam
806 988 984 1027 continere,
1006 988 1080 1029 quia
1102 987 1245 1017 omnium
1270 985 1426 1017 voluntati

104 1041 357 1084 obtemperantes
371 1053 435 1072 non
453 1042 513 1071 nisi
533 1053 598 1072 suae
618 1041 774 1072 voluntati
795 1041 963 1080 obediunt,
979 1046 1075 1083 atque
1089 1041 1131 1071 ita
1146 1040 1180 1070 in
1195 1040 1321 1071 civitate
1337 1049 1427 1080 aeque

104 1094 212 1133 liberi,
229 1099 324 1136 atque
339 1099 411 1124 ante
436 1094 601 1124 exsistunt.
627 1095 726 1136 Leges
751 1094 850 1136 igitur
874 1105 891 1125 a
912 1094 1001 1124 sociis
1025 1093 1171 1124 omnibus
1192 1092 1332 1123 ferendae
1353 1097 1429 1122 sunt

102 1147 137 1178 in
162 1146 298 1189 publicis
324 1146 544 1186 concionibus,
573 1147 607 1177 in
633 1147 749 1190 quibus
774 1147 909 1190 quilibet
936 1148 1012 1179 civis
1043 1159 1137 1179 suum
1168 1146 1281 1178 debeat
1312 1145 1428 1177 suffra-

103 1201 193 1242 gium
218 1199 311 1238 dare,
335 1205 510 1242 votumque
532 1201 630 1232 unius
653 1213 718 1232 non
740 1201 892 1245 majorem
913 1201 1042 1232 alterius
1070 1207 1142 1233 voto
1167 1200 1283 1231 habeat
1307 1200 1371 1232 vim
1396 1205 1428 1230 et

100 1258 298 1295 potestatem.
322 1252 397 1284 Haec
417 1253 525 1296 legum
553 1254 758 1286 ferendarum
784 1261 920 1297 potestas
945 1266 1107 1286 summum
1134 1254 1297 1285 constituit
1323 1253 1428 1294 impe-

101 1307 203 1346 rium,
232 1306 317 1348 quod
343 1307 564 1350 igitur‘solius
587 1308 700 1350 populi
722 1314 792 1348 est,
816 1308 915 1350 idque
943 1308 1074 1339 alienari
1099 1307 1186 1338 haud
1210 1317 1353 1349 unquam
1377 1305 1427 1336 vel

102 1359 200 1390 dividi
224 1365 337 1402 potest.
369 1360 572 1403 Quapropter
594 1373 700 1404 neque
727 1373 784 1405 per
809 1362 968 1405 delegatos
989 1363 1129 1393 exerceri
1153 1367 1254 1404 posset
1280 1371 1428 1403 suprema

100 1418 252 1455 potestas3
275 1423 347 1455 quae
365 1413 451 1444 enim
474 1413 609 1456 delegati
626 1415 842 1454 decreverint,
859 1415 971 1457 populi
985 1414 1209 1457 approbatione
1229 1413 1425 1456 indigerent,

101 1470 140 1496 ut
163 1464 242 1508 legis
263 1465 418 1496 haberent
438 1467 670 1498 auctoritatem.
690 1466 750 1499 Jus
770 1479 844 1500 vero
863 1467 1057 1510 exsequendi
1078 1467 1196 1499 civium
1212 1466 1427 1505 voluntatem,

103 1528 160 1550 seu
179 1518 300 1561 legem,
326 1531 344 1551 a
367 1520 487 1563 populo
512 1522 571 1552 uni
590 1521 777 1564 pluribusve
798 1520 981 1553 demandari
999 1526 1115 1563 potest,
1140 1519 1332 1563 quibuscum
1353 1531 1427 1551 vero

102 1571 230 1603 nullum
252 1572 353 1604 initu-r
382 1573 586 1617 subjectionis
606 1581 752 1617 pactum,
777 1574 832 1606 sed
857 1575 913 1617 qui
932 1573 1043 1617 populi
1069 1579 1193 1605 tantum
1213 1579 1289 1604 sunt
1311 1574 1428 1616 magis-

102 1629 218 1664 tratus,
240 1624 308 1668 ejus
328 1625 485 1657 voluntati
505 1637 630 1670 semper
650 1627 794 1667 obnoxii,
816 1633 849 1658 et
867 1627 906 1659 ab
925 1639 978 1668 eo,
1000 1628 1254 1670 quotiescunque
1276 1626 1428 1666 voluerit,

103 1676 255 1720 dignitate
278 1678 334 1709 sua
358 1678 516 1722 privandi.
540 1680 635 1719 Quod
659 1682 758 1724 igitur
784 1681 957 1724 imperium
984 1681 1124 1712 Hobhes
1145 1692 1330 1719 summum,
1357 1680 1428 1723 ple-

104 1741 199 1771 num,
227 1731 428 1773 ahsolutum,
458 1745 473 1764 a
500 1734 619 1776 populo
648 1734 682 1765 in
709 1735 888 1778 principem
919 1734 1105 1766 translatum
1136 1744 1204 1765 esse
1233 1733 1363 1772 docuit,
1394 1733 1429 1764 id

105 1782 281 1815 Rousseau
301 1785 358 1817 soli
373 1786 497 1830 populo
523 1787 650 1827 tribuit3
677 1793 710 1819 et
733 1789 877 1830 quamvis
904 1788 939 1819 hi
963 1793 1108 1820 auctores
1127 1788 1174 1818 ita
1200 1786 1258 1817 sibi
1283 1788 1428 1829 proxime

104 1837 167 1867 sint
178 1838 331 1880 oppositi,
349 1840 518 1883 utriusque
537 1846 644 1872 tamen
662 1842 837 1885 systematis
856 1842 1088 1885 consequentiae
1106 1841 1302 1872 conveniunt
1320 1841 1355 1871 in
1374 1852 1427 1880 eo,

103 1895 142 1920 ut
157 1889 301 1922 homines
314 1892 349 1922 in
360 1892 587 1925 Rousseauvii
602 1894 766 1937 republica
781 1906 847 1926 non
863 1894 974 1939 majori
988 1894 1134 1925 libertate
1148 1894 1315 1934 fruantur,
1331 1905 1427 1937 quam

103 1941 138 1971 in
163 1942 331 1974 Hohbesii
352 1945 489 1978 civitate.
509 1946 598 1986 Quid
626 1948 730 1988 enim,
751 1959 874 1991 quaeso,
892 1959 926 1979 re
950 1948 1017 1990 ipsa
1039 1948 1186 1987 interest,
1211 1958 1293 1979 num
1306 1947 1426 1990 singuli

104 1995 187 2026 cives
205 1995 300 2038 Regi,
322 2008 362 2028 an
381 1999 499 2041 populo
517 2001 551 2031 in
570 2007 760 2044 perpetuam
784 2001 972 2034 servitutem
992 2001 1055 2032 sint
1075 2000 1220 2032 addicti?
