1747 2620
689 251 701 294 (
726 252 766 284 19
790 252 802 294 )

505 378 597 401 VASA
640 378 771 399 CORDIS
819 377 991 398 SINISTRI.

133 474 213 505 Vasa
229 473 330 505 cordis
345 472 462 504 sinistri
476 471 681 513 descripturi,
698 469 736 501 ab
751 470 815 508 his,
834 480 904 511 quae
921 469 960 500 ad
977 468 1045 512 ejus
1063 468 1239 500 auriculam
1257 467 1412 507 tendunt,

91 528 297 570 incipiemus:
320 537 408 557 venae
429 525 628 568 pulmonales
651 530 725 555 sunt
746 529 883 566 quatuor
903 533 1055 561 numero,
1077 523 1111 553 iu
1134 522 1200 564 ipsa
1221 521 1414 564 pulmonum

90 580 216 611 textura
231 586 406 611 nascuntur
416 590 455 610 ex
471 578 688 610 minutissimis
705 576 906 619 capillaribus
922 575 1127 615 ramusculis,
1142 577 1175 606 in
1191 574 1329 606 ramulos
1340 585 1414 605 sen-

89 635 147 665 sim
164 635 345 676 sensimque
364 640 395 664 et
408 633 520 664 ultimo
537 633 569 663 in
589 643 690 663 ramos
705 631 793 661 binos
812 641 850 661 ex
867 636 1004 672 utroque
1022 629 1120 660 latere
1136 627 1413 670 conxssergentibus.

89 687 179 718 Vena
200 687 392 729 pulmonalis
411 687 555 729 superior
577 685 703 723 dextra,
727 684 878 714 inferiora
901 689 933 713 et
953 683 1101 713 interiora
1126 693 1233 714 versus
1256 682 1357 713 tendit
1377 682 1416 712 ad.

90 747 213 784 partem
237 741 432 783 superiorem
454 746 485 771 et
506 739 648 770 dextram
670 736 822 767 auriculae
846 736 1000 775 sinistrae,
1025 735 1157 766 inferior
1187 745 1262 767 vero
1289 746 1416 765 sursum

90 800 123 825 et
143 795 315 825 introrsum
336 794 374 824 ad
392 799 515 836 partem
539 792 683 823 dextram
704 797 736 821 et
757 790 940 820 inferiorem
965 789 1108 833 ejusdem
1129 789 1280 820 auriculae
1303 789 1415 819 termi-

90 853 197 878 natur.
225 847 313 878 Idem
334 847 395 877 iter
419 845 538 876 dextrae
563 844 646 875 binae
672 854 760 875 venae
784 848 981 885 sequuntur,
1005 842 1134 885 propius
1159 848 1266 873 tamen
1291 841 1417 872 sibimet

91 900 249 932 accedunt
272 906 304 931 et
327 899 454 930 tandem
480 898 619 941 denique
647 908 755 928 omnes
780 908 837 939 per
862 896 1011 939 speciales
1039 901 1204 938 aperturas
1228 895 1268 926 ad
1293 901 1416 938 partem

90 953 242 985 auriculae
263 953 458 995 superiorem
481 951 632 982 desinunt
652 950 749 981 nullis
769 951 931 981 instructae
952 949 1097 982 valvulis.

137 1006 261 1037 Arteria
275 1006 387 1044 Aen-ta,
404 1011 537 1035 truncus
551 1003 605 1034 ille
621 1003 813 1041 communis,
834 1014 851 1033 a
867 1013 931 1044 quo
949 1003 1054 1033 onmia
1070 1013 1141 1035 vasa
1157 1003 1304 1034 arteriosa
1321 1003 1417 1034 totius

93 1060 296 1091 OEconomiae
317 1058 460 1089 animalis
482 1058 742 1100 proficiscuntur,
761 1056 862 1086 oritur
883 1055 922 1086 ad
942 1055 1040 1086 hasim
1057 1056 1228 1088 ventriculi
1250 1056 1351 1086 cordis
1373 1058 1417 1087 si·-

91 1113 199 1152 nistri,
228 1113 330 1154 primo
359 1110 474 1141 arteria
501 1109 681 1152 pulmonari
711 1109 834 1139 obtecta
863 1115 927 1148 est,
957 1120 1095 1151 moxque
1122 1120 1189 1140 sese
1217 1109 1418 1141 dextrorsum

92 1172 188 1209 atque
213 1176 339 1196 sursum
365 1163 493 1206 oblique
525 1163 684 1205 di1·igen5‚
715 1168 800 1192 retro
830 1163 978 1194 arteriam
1007 1162 1225 1205 pulmonalem
1254 1163 1418 1206 exsurgit3

90 1225 257 1262 postquam
278 1218 417 1260 spatium
442 1216 562 1259 aliquot
585 1215 743 1247 linearum
769 1215 917 1255 absolvit,
942 1222 1020 1247 tunc
1043 1216 1082 1247 ad
1106 1216 1288 1248 columnam
1311 1222 1419 1249 verte—

89 1272 209 1304 bralem
229 1283 295 1303 sese
322 1270 479 1302 inclinans
501 1272 640 1313 priorem
660 1275 866 1300 curvaturam
895 1268 1009 1312 (cujus
1030 1270 1211 1300 convexitas
1234 1269 1274 1300 ad
1293 1275 1417 1312 partem

92 1327 282 1358 anteriorem
311 1332 344 1356 et
371 1325 514 1356 dextram
542 1323 680 1367 vergit‚)
708 1323 776 1353 fere
804 1322 843 1353 ad
869 1322 1071 1353 altitudinem
1095 1323 1198 1354 tertiae
1225 1322 1275 1355 vel
1297 1329 1418 1365 quartae

92 1379 246 1412 vertehrae
271 1378 398 1410 dorsalis
421 1378 555 1418 format;
579 1377 653 1408 dein
677 1388 743 1408 sese
768 1388 807 1408 ex
828 1376 996 1420 pericardii
1021 1387 1097 1408 cavo
1121 1376 1270 1409 evolvens
1296 1376 1419 1407 media-

91 1445 166 1465 nam
186 1433 343 1465 columnae
362 1431 547 1464 vertebralis
567 1437 690 1474 partem
709 1436 859 1473 occupat,
882 1436 978 1472 atque
993 1430 1130 1461 tracheae
1151 1430 1273 1461 arteriae
1289 1430 1419 1461 incum—

91 1487 170 1519 bens
189 1486 229 1518 ad
253 1486 414 1517 sinistrum
437 1484 520 1516 latus
545 1495 611 1515 sese
637 1483 791 1522 inflectit,
818 1489 850 1514 et
876 1483 1027 1528 majorem
1052 1489 1256 1515 curvaturam
1285 1483 1417 1526 (arcum

95 1540 214 1583 abrtae)
238 1531 333 1570 efficit
346 1552 354 1579 3
381 1539 448 1570 haec
472 1539 585 1579 incipit
609 1537 649 1569 ad
671 1537 874 1569 altitudinem
898 1537 1045 1569 secundae
1065 1536 1219 1569 vertebrae
1240 1536 1368 1568 dorsalis
1387 1543 1419 1568 et

95 1603 197 1635 usque
220 1592 260 1622 ad
282 1591 364 1623 latus
389 1592 551 1622 sinistrum
577 1591 678 1622 tertiae
706 1580 848 1634 ejusdem
874 1592 1011 1634 regionis
1036 1590 1189 1622 vertebrae
1213 1590 1417 1630 extenditur,

95 1652 127 1678 et
145 1645 217 1676 dein
241 1646 323 1675 intra
345 1644 427 1675 latus
445 1644 605 1676 sinistrum
630 1644 786 1675 columnae
807 1644 990 1675 vertebralis
1009 1651 1042 1676 et
1061 1645 1205 1688 pleuram
1226 1644 1419 1677 verticaliter

97 1699 268 1731 descendit.
298 1699 335 1729 In
364 1697 539 1741 pericardio
571 1701 655 1729 aorta
685 1698 891 1741 sequentibus
917 1698 1041 1741 organis
1068 1698 1300 1738 circumdatur,
1326 1699 1420 1729 sinis-

97 1759 232 1785 trorsum
258 1759 353 1795 atque
378 1758 571 1795 postrorsum
597 1753 710 1783 arteria
738 1752 913 1795 pulmonali
939 1758 1035 1795 atque
1059 1764 1146 1783 ramo
1165 1752 1264 1794 ipsius
1285 1752 1417 1791 dextro,

100 1804 295 1836 dextrorsum
323 1805 402 1838 vena
431 1804 506 1838 cava
535 1805 691 1848 superiori
714 1811 746 1836 et
772 1805 908 1837 mediate
942 1805 1096 1848 pulmone
1129 1805 1260 1843 dextro,
1289 1805 1418 1836 tandem

101 1862 276 1888 antrorsum
302 1870 319 1889 a
343 1864 469 1898 sterno,
495 1858 673 1890 mediastini
700 1859 865 1890 anterioris
889 1870 965 1902 ope,
994 1864 1174 1901 separatur3
1200 1858 1298 1900 ipsius
1327 1869 1418 1889 arcus

99 1910 138 1941 ad
168 1910 327 1942 tracheam
357 1913 503 1944 arteriam
537 1912 733 1955 applicatur3
771 1913 848 1944 dum
876 1912 965 1956 juxta
994 1911 1176 1942 columnam
1209 1911 1417 1944 vertebralem

99 1964 249 1994 inferiora
265 1964 344 2006 petit
358 1964 397 1995 ad
411 1964 552 1996 dextram
569 1971 691 2008 partem
707 1966 802 1997 habet
816 1965 1040 2008 oesophagum,
1057 1964 1190 1996 ductum
1206 1964 1416 1996 Thoracicurn

99 2023 131 2048 et
154 2028 268 2050 venam
293 2028 418 2060 azyg05‚
443 2018 553 2060 pleura
572 2019 738 2052 laevorsum
761 2020 889 2062 tegitur.
