1747 2620
882 254 1017 299 (120)

284 345 302 365 ))
318 331 481 370 madibus,
506 329 625 363 vulnus
645 329 791 361 cicatrice
813 327 988 361 obductum
1010 328 1091 360 fuit:
1114 329 1232 361 iterum
1255 335 1361 361 tamen
1383 340 1467 372 aeger
1484 332 1619 373 pressio-

285 400 303 419 »
319 398 393 419 nem
411 385 652 427 molestiamque
673 384 829 427 ingratam
850 384 1009 425 percepit,
1032 392 1104 425 quae
1121 384 1253 413 cessavit
1272 389 1439 426 postquam
1458 382 1618 424 abcessus,

285 441 377 484 »qui
404 445 536 483 repente
561 444 648 469 ortus
670 443 738 468 erat
762 437 800 467 ad
826 437 1005 478 marginem
1028 441 1188 466 costarum
1209 437 1391 478 spuriarum
1413 436 1620 478 inferiorem,

286 500 432 538 »sponte
455 492 510 523 sua
532 491 695 534 disruptus
716 496 774 521 est.
803 490 877 520 Haec
898 495 1034 532 ruptura
1056 489 1178 520 exitum
1202 489 1339 532 praebuit
1360 489 1506 533 pluribus
1525 491 1623 523 vesti-

286 553 503 580 »mentorum
526 544 706 588 particulis,
731 549 763 575 et
782 543 897 574 sensim
918 542 1140 586 paulatimque
1165 542 1270 574 clausa
1292 549 1338 575 est
1358 543 1503 575 abcessus
1528 555 1623 587 aper-

286 615 305 634 »
321 609 409 633 tura:
427 601 547 631 interea
565 605 670 630 tamen
688 598 829 629 vulneris
846 597 968 640 accepti
984 597 1091 628 hiatus
1105 597 1221 628 iterum
1240 608 1306 628 sese
1321 598 1467 640 aperiens
1482 598 1623 630 multum

287 669 305 688 ))
322 656 411 699 puris
439 653 665 697 suppeditaxit.
701 652 829 683 Frustra
861 651 1010 694 globulus
1041 650 1253 694 querebatur,
1281 658 1314 683 et
1345 653 1541 684 miserrimus
1569 653 1624 685 ille

286 722 305 742 ))
322 710 419 741 vitam
447 707 656 751 injucundam
680 706 719 737 de
741 706 919 737 nosocomio
941 706 975 736 in
1004 706 1222 736 nosocomium
1244 705 1389 745 trahens,
1414 705 1543 750 jamjam
1568 718 1626 750 per

288 775 308 795 )>
326 762 574 806 quadriennium
591 766 749 803 superstes
767 760 897 803 quidem
917 759 970 790 sed
987 759 1099 790 infelix
1116 765 1148 790 et
1164 759 1361 791 miserandus
1377 766 1455 791 erat.
1477 760 1626 792 Perfecto

291 829 309 850 >³
325 817 424 854 bello,
452 815 581 846 tandem
607 815 641 845 in
667 814 803 845 Galliam
829 814 994 856 pervenit3
1022 814 1137 855 Lar1·ey
1163 812 1280 844 vulnus
1304 813 1434 856 specillo
1459 813 1627 856 explorans

290 869 491 913 »globulum
515 868 659 910 percepit
682 868 715 898 in
741 867 892 898 Thoracis
917 868 1052 899 cavitate
1077 866 1207 897 dextra:
1244 878 1358 909 corpus
1381 867 1627 911 heterogenium

291 934 426 966 »quum
449 921 546 953 vellet
564 920 750 959 cumbere,
772 921 805 951 iu
827 920 881 951 illa
906 921 1090 963 operatione
1114 920 1177 951 fuit
1196 921 1386 963 impeditus,
1407 922 1528 964 quippe
1550 922 1625 965 quia

291 977 464 1020 »spatium
482 973 683 1006 intercostale
709 975 874 1017 angustius
897 980 981 1014 erat,
1002 985 1099 1017 quam
1116 980 1154 1006 ut
1176 974 1284 1017 glandi
1305 976 1429 1007 exitum
1453 976 1628 1008 concedere

292 1044 310 1063 ))
326 1036 440 1074 posset.
462 1028 604 1060 Tandem
620 1027 754 1060 multam
771 1034 842 1071 post
859 1029 1108 1067 haesitationem,
1124 1034 1156 1059 et
1173 1028 1272 1060 ardue
1286 1028 1368 1060 illud
1379 1035 1509 1072 petente
1526 1040 1630 1073 aegro—

293 1097 312 1116 ))
328 1091 432 1123 tante,
457 1084 575 1114 iterum
597 1083 714 1125 Larrey
738 1083 967 1113 extractionem
991 1087 1116 1113 tentare
1132 1083 1286 1125 suscepit3
1312 1084 1452 1126 spatium
1474 1083 1630 1115 intereos-

293 1151 312 1169 »
331 1138 392 1169 tale
414 1137 519 1175 auxit,
542 1136 714 1166 incisuram
735 1136 768 1166 in
791 1136 935 1178 margine
956 1136 1113 1178 superiori
1133 1142 1225 1168 costae
1245 1137 1432 1176 instituens,
1453 1147 1513 1179 ope
1534 1136 1630 1168 cultri

294 1205 312 1224 ))
327 1190 526 1223 lenticularis
547 1195 579 1220 et
603 1189 779 1220 auferendo
809 1200 866 1231 per
893 1194 987 1218 strata
1013 1189 1233 1230 portiunculas
1255 1190 1345 1229 ossis,
1375 1190 1476 1221 donec
1500 1189 1631 1234 jamjam

294 1244 494 1278 »dimidiam
516 1249 608 1274 costae
633 1243 805 1273 crassitiem
827 1242 1014 1280 abstulerat,
1042 1248 1121 1273 tunc
1141 1248 1250 1273 autem
1274 1243 1389 1274 timens
1415 1254 1457 1274 ne
1482 1245 1631 1275 arteriam

296 1313 313 1331 ))
331 1297 564 1341 intercostaleni
575 1321 583 1336 ,
601 1296 690 1341 juxta
708 1296 884 1339 marginem
897 1295 965 1339 ejus
977 1295 1162 1326 inferiorem
1174 1295 1400 1328 decurrentem
1410 1321 1418 1337 ,
1431 1297 1631 1338 vulneraret,

295 1366 314 1386 ))
329 1365 345 1385 a
367 1351 501 1384 secando
524 1350 678 1382 abstinuit
696 1356 728 1382 et
749 1351 980 1381 extractionem
1001 1350 1136 1389 iterum,
1161 1350 1216 1381 sed
1238 1351 1413 1389 incassum,
1435 1351 1632 1393 periclitatus

296 1420 315 1440 ))
332 1413 394 1447 est,
416 1406 554 1450 spatium
574 1405 661 1436 enim
682 1415 724 1436 ne
745 1410 823 1436 tunc
847 1403 978 1446 quidem
997 1403 1070 1434 satis
1088 1403 1190 1434 latum
1208 1409 1291 1443 erat,
1313 1410 1351 1434 ut
1369 1404 1462 1435 educi
1485 1404 1634 1446 globulus

295 1474 315 1494 ))
330 1466 452 1504 posset:
474 1459 528 1490 illa
549 1458 736 1489 difficultate
755 1458 1006 1500 haudquaquam
1025 1458 1197 1489 exterritus
1211 1458 1346 1500 Larrey,
1367 1463 1483 1488 costam
1501 1457 1634 1490 abscidit

297 1528 316 1547 ))
332 1513 515 1557 usquedum
532 1519 594 1544 tres
609 1512 752 1557 ejusdem
769 1517 896 1555 quartas
916 1517 1022 1554 partes
1042 1510 1225 1551 abstulerit,
1248 1521 1311 1554 quo
1327 1510 1430 1550 facto,
1447 1511 1633 1544 forticulum

299 1582 318 1600 ))
334 1568 469 1610 sumpsit
487 1578 551 1610 quo
571 1566 668 1609 lupiae
691 1565 893 1606 evelluntur,
913 1571 945 1597 et
964 1565 1110 1608 glandem
1128 1565 1313 1608 plumbeam
1332 1566 1487 1608 arripiens
1504 1566 1634 1599 tandem

299 1623 473 1664 »denique
493 1620 620 1652 evulsit.
648 1620 865 1663 symptomata
889 1619 1115 1663 periculosiora
1138 1625 1209 1662 post
1231 1620 1449 1662 operationem
1474 1631 1636 1663 apparue-

300 1689 318 1708 )›
337 1681 429 1714 runt,
451 1673 506 1705 sed
527 1685 601 1705 mox
622 1673 798 1714 evanuere,
822 1679 977 1717 aegrotans
1002 1674 1118 1705 sensim
1138 1674 1321 1717 sensimque
1342 1675 1424 1707 vires
1445 1685 1516 1706 suas
1539 1685 1636 1706 recu-

302 1742 320 1761 »
337 1728 476 1773 peravit,
498 1732 529 1757 et
548 1727 581 1757 in
603 1736 640 1757 eo
661 1725 724 1770 jam
742 1732 810 1758 erat
830 1733 883 1767 ut,
906 1727 1003 1758 nullis
1023 1726 1226 1771 juvantibus,
1247 1728 1332 1760 solus
1346 1728 1496 1759 incedere
1513 1735 1636 1771 posset,

302 1793 440 1826 »quum
471 1780 717 1811 infaustissimus
745 1780 799 1811 ille
826 1781 925 1812 nimia
952 1782 1090 1824 corporis
1120 1781 1292 1813 inflexione
1323 1788 1441 1813 costam
1474 1782 1637 1814 inscissam

303 1850 322 1870 >>
338 1836 449 1879 fregit,
471 1840 566 1877 rupta
585 1836 699 1865 arteria
718 1835 927 1867 intercostalis
946 1836 1097 1868 lethalem
1116 1836 1381 1880 haemorrhagiam
1401 1837 1586 1879 provocavit
1605 1842 1638 1868 et

304 1904 323 1923 ))
338 1891 512 1934 patientem
527 1889 561 1919 in
579 1889 757 1920 maximum
775 1891 883 1921 mortis
903 1889 1085 1932 periculum
1105 1889 1235 1934 dejecit,
1254 1890 1383 1934 jamjam
1399 1889 1508 1921 aderat
1523 1889 1637 1922 ultima

304 1957 324 1977 ))
339 1944 457 1977 virium
476 1942 658 1985 prostratio,
676 1942 777 1974 fomes
799 1943 952 1986 gastricus
974 1954 1030 1986 per
1051 1950 1261 1987 symptomata
1277 1944 1439 1987 apparuit,
1465 1944 1529 1975 fuit
1549 1954 1639 1975 eme—

304 2011 323 2030 »
338 1998 440 2029 ticum
460 1995 683 2039 propinatum,
703 1996 789 2039 quod
815 1997 938 2029 nullam
959 2003 1052 2030 costae
1078 1998 1186 2029 fractae
1209 2010 1324 2029 noxam
1348 1997 1475 2038 intulit,
1498 2003 1639 2040 prostra-

306 2065 326 2085 ))
340 2053 526 2094 tionemque
562 2049 713 2082 abstulit:
750 2052 865 2084 sensim
900 2052 1121 2096 paulatimque
1154 2053 1189 2083 iu
1227 2051 1342 2084 melius
1376 2051 1639 2096 progrediebatur
