1747 2620
917 265 1055 307 (108)

320 344 353 369 et
372 338 510 381 quadam
531 338 678 382 calligine
697 338 871 371 obductum
895 339 1137 371 dilucidandum
1157 346 1218 379 est,
1241 351 1342 383 quum
1366 347 1473 373 autem
1498 342 1550 373 hic
1572 343 1653 375 nihil

321 391 446 424 obscuri
465 393 613 436 nihilque
636 393 777 436 ambigui
801 394 855 433 sit,
879 394 956 436 quid
979 394 1125 436 prodesse
1148 394 1350 436 potuissent?

364 446 510 490 Adjicere
522 447 651 478 demum
664 458 832 489 possumus
844 447 935 477 aliam
949 447 1231 478 considerationem
1242 472 1249 486 ‚
1262 459 1333 490 quae
1345 448 1537 480 firmioribus
1547 449 1652 481 adhuc

320 505 352 530 et
371 500 482 531 fallere
501 500 614 530 nesciis
634 500 830 542 argumentis
851 499 990 531 stabilire
1011 500 1138 531 videtur
1157 501 1272 532 harum
1293 501 1458 533 laesionum
1478 502 1654 535 absolutam

319 553 546 593 lethalitatem,
570 565 641 585 vasa
662 554 747 585 enim
769 553 887 597 majora
909 554 1061 596 pertundi
1085 561 1268 597 nequeunt,
1290 555 1407 598 absque
1429 567 1465 587 eo
1484 562 1522 588 ut
1545 568 1653 588 essen-

319 607 437 638 tialiter
465 608 675 650 perfodantur
701 609 836 650 parietes
865 608 1032 647 Thoracis,
1061 609 1126 650 ipsa
1155 608 1286 652 pleura⁷
1314 611 1440 653 ipsique
1464 611 1652 653 pulmoneS‚

319 661 436 693 exinde
455 663 557 705 surgit
572 662 758 704 complicata
776 661 943 692 lethalitas.
966 662 1065 701 Dein,
1083 662 1168 704 quod
1185 664 1360 695 niaximum
1377 670 1439 703 est,
1460 676 1531 696 vasa
1547 665 1653 696 omnia

319 715 438 760 majora
457 728 528 759 quae
548 728 602 747 cor
625 716 761 755 adeunt⁷
784 722 816 747 et
836 727 875 746 ex
896 716 962 757 ipso
981 722 1170 758 emergunt,
1191 723 1253 747 tam
1276 716 1333 748 sibi
1354 718 1492 750 invicem
1508 719 1653 761 proxima

318 776 411 810 sunt,
434 776 498 801 tam
521 771 606 803 vario
631 776 761 812 tamque
783 769 954 812 multiplici
978 770 1070 800 modo
1092 777 1239 802 mutuam
1259 784 1348 803 suam
1367 772 1576 804 directionem
1595 772 1653 804 de-

319 831 462 864 missam,
481 825 623 867 adeoque
642 836 715 855 cum
739 823 888 855 ductibus
906 825 1048 855 a'e'riferis
1068 825 1230 856 uniuntur
1250 831 1346 868 atque
1366 832 1598 867 contexuntur,
1617 833 1654 858 ut

319 880 353 909 in
377 885 467 921 parte
493 878 658 921 posteriori
683 869 834 908 Thora'cis
858 879 947 920 quasi
973 885 1040 909 rete
1069 879 1288 911 inextricabile
1313 880 1499 920 efforment3
1529 892 1568 912 ex
1594 881 1653 912 hac

319 933 449 964 demum
476 932 652 964 anatomiczi
673 932 876 974 dispositione
899 933 1005 963 elucet
1028 939 1181 975 quantam
1203 944 1349 964 vasorum
1374 940 1512 977 stragem
1535 934 1654 967 vulnus

318 988 352 1019 in
380 987 440 1018 hac
465 993 555 1030 parte
581 987 739 1018 inflictum
770 997 942 1029 provocare
968 985 1097 1026 debeat,
1127 992 1159 1017 et
1181 985 1251 1017 haec
1279 998 1389 1019 revera
1415 993 1501 1018 tanta
1527 994 1589 1027 est,
1616 994 1655 1019 ut

318 1042 448 1073 omnino
477 1042 607 1085 quidem
637 1042 805 1084 concipere
827 1052 892 1071 non
916 1041 1091 1083 possimus9
1120 1040 1217 1073 vitam
1246 1040 1305 1072 sub
1326 1041 1503 1073 istiusmodi
1526 1041 1658 1074 laesione

318 1107 376 1139 per
396 1102 595 1128 momentum
614 1096 781 1139 persistere
800 1106 900 1138 posse.

762 1235 893 1267 PARS
946 1235 1209 1268 SECUNDA.

456 1328 507 1352 DE
538 1327 816 1352 VULNERIBUS
854 1328 1127 1356 ORGANORUM
1163 1328 1515 1353 RESPIRATIONIS.

693 1429 716 1473 5
752 1430 807 1462 IV.
861 1442 903 1461 DE
948 1441 1097 1461 PLEURAE
1142 1440 1283 1461 PLAois.

362 1523 562 1566 Physiologia
582 1535 638 1555 nos
659 1524 752 1555 docet
772 1523 898 1566 pleuras
919 1534 1044 1566 semper
1063 1535 1137 1555 cum
1162 1521 1369 1566 pulmonibus
1389 1523 1423 1553 in
1444 1522 1653 1565 contiguitate

320 1588 400 1617 esse,
426 1583 458 1608 et
480 1583 543 1609 tam
571 1578 604 1609 in
629 1578 830 1621 expiratione
857 1589 954 1620 quam
979 1577 1186 1619 inspiratione
1217 1577 1266 1607 his
1296 1577 1421 1619 organis
1445 1576 1653 1617 accumbere13

311 1641 420 1673 ‘quum
440 1632 525 1662 enim
547 1644 563 1662 a
585 1643 617 1663 se
639 1632 778 1664 invicem
800 1642 968 1674 nunquam
990 1637 1194 1674 separentur,
1217 1631 1242 1661 si
1265 1630 1458 1661 membranae
1478 1630 1529 1662 hae
1542 1641 1654 1663 serosae

319 1683 454 1716 vulnere
483 1684 682 1724 afficiuntur⁷
712 1691 837 1728 oportet
863 1691 896 1717 et
920 1685 1015 1716 etiam
1047 1684 1260 1717 vulnerentur
1288 1695 1405 1727 organa
1433 1685 1653 1726 respiratoria3

319 1736 520 1780 complicatio
538 1738 638 1780 igitur
659 1749 731 1769 mox
757 1738 844 1769 adest
864 1744 896 1770 et
921 1738 989 1770 haec
1012 1738 1142 1781 quidem
1167 1749 1204 1769 eo
1226 1736 1325 1781 major
1346 1737 1423 1777 erit,
1450 1748 1515 1780 quo
1536 1736 1654 1770 vulnus

318 1791 511 1834 prosundius
534 1798 696 1834 penetrat,
728 1793 777 1824 uti
798 1804 871 1824 mox
895 1793 1074 1825 videbimus
1096 1804 1198 1836 quum
1224 1792 1264 1823 de
1283 1790 1493 1835 pulmonibus
1509 1802 1652 1835 agemus.

364 1845 396 1876 Si
418 1851 525 1876 tamen
543 1847 709 1888 separatim
732 1847 848 1878 harum
871 1847 1131 1879 membranarum
1154 1846 1289 1878 vulnera
1313 1851 1345 1877 et
1365 1845 1481 1877 exinde
1502 1845 1652 1877 oriundos

322 1898 455 1930 effectus
470 1900 669 1943 perpendere
686 1900 846 1940 volumus,
863 1901 1057 1944 percipimus
1073 1900 1191 1943 duplex
1206 1899 1281 1930 inde
1296 1898 1535 1931 incommodum
1547 1910 1654 1931 emer*

324 1964 418 1994 gere,
448 1965 521 1985 nam
554 1954 673 1985 scilicet
706 1955 821 1986 harum
852 1955 1058 1986 inflammatio
1085 1954 1210 1997 insequi
1239 1959 1362 1996 potest,
1395 1959 1427 1984 et
1456 1953 1651 1996 praesertim,

322 2007 439 2049 apertis
463 2007 599 2049 pleuris,
631 2010 684 2039 ae'r
710 2014 862 2040 externus
886 2009 920 2040 in
947 2009 1082 2052 pectoris
1107 2009 1273 2041 cavitatem
1300 2009 1481 2050 irrumpere
1507 2006 1592 2040 valet
1621 2013 1654 2039 et

320 2060 374 2092 hic
396 2061 483 2094 vario
502 2060 595 2092 modo
615 2061 844 2094 OEconomiam
868 2062 992 2094 afficere
1014 2062 1195 2094 animalem.
