1747 2620
930 279 943 323 (
965 280 985 312 8
1009 279 1021 323 )

318 366 425 392 autem
447 363 594 401 apparet,
616 356 686 388 illos
706 355 831 386 nonnisi
851 353 914 397 legi
935 352 1009 395 justi
1032 352 1204 385 universali
1222 351 1379 397 subjectos
1399 364 1479 394 esse,
1501 361 1649 398 respectu

317 414 425 445 habito
451 423 591 455 personae
612 410 844 454 cujuscumque
867 408 933 438 sive
957 407 1148 449 singularis,
1174 407 1240 438 sive
1269 406 1379 438 idealis
1404 413 1460 439 aut
1487 409 1649 451 mysticae,

318 466 445 510 qualem
466 466 613 508 ponimus
636 474 761 494 omnem
785 462 957 492 civitatem.
985 461 1010 491 li
1032 466 1140 492 autem
1161 460 1321 501 extranei,
1350 460 1407 503 qui
1428 460 1540 492 alienae
1568 462 1650 494 civi-

318 520 390 551 tatis
410 519 484 550 socii
504 523 592 556 sunt,
613 521 759 559 respectu
775 515 905 558 quidem
924 513 1038 557 hujUS,
1058 513 1128 557 jure
1147 513 1252 545 sociali
1273 525 1308 544 ac
1323 515 1459 557 positivo
1472 521 1648 558 reguntur,

319 585 448 612 verum,
480 582 581 614 quum
602 570 795 612 caeteroquiu
821 568 976 599 societatis
1001 568 1102 599 civilis
1126 570 1352 600 communione
1374 569 1473 608 inita,
1500 576 1648 601 naturam

318 638 406 659 suaui
430 631 653 656 extraneorum
676 635 739 653 non
761 623 925 661 exuerint,
947 632 1053 664 neque
1074 622 1107 652 in
1128 621 1240 653 alienae
1263 623 1399 654 civitatis
1419 628 1549 665 pactum
1571 635 1650 654 con-

318 680 447 711 sensisse
464 677 611 709 censeudi
634 678 713 716 sint,
729 676 834 707 omnia
853 675 926 715 sibi,
951 687 1024 718 erga
1041 676 1183 719 singulos
1200 676 1334 708 aliarum
1352 677 1519 709 civitatum
1535 678 1649 716 socios,

318 734 388 779 jura
409 734 565 771 retinent,
592 730 708 774 quibus
733 731 766 761 in
786 736 870 762 statu
896 730 1072 762 extracivili
1103 730 1301 772 gaudebant,
1328 737 1359 762 et
1385 731 1482 762 simul
1504 742 1579 774 erga
1598 742 1651 762 eos

318 799 429 819 earum
449 786 677 828 obligationum
694 784 912 815 observatione
926 796 990 815 non
1007 786 1212 824 eximuntur⁷
1230 796 1308 828 quas
1323 785 1360 816 iis
1374 785 1408 816 in
1424 791 1509 817 statu
1527 791 1651 817 naturae

318 841 389 883 jure
410 842 552 884 praestari
579 838 753 882 oportebat.
784 838 898 881 Neque
924 839 957 869 in
983 838 1118 869 dubium
1144 839 1249 870 vocari
1273 845 1392 881 potest,
1418 851 1550 882 corpore
1580 840 1653 871 cui—

319 905 460 936 cumque
492 892 597 923 sociali
623 892 661 922 ad
686 891 817 922 alterius
842 892 978 923 civitatis
1011 892 1153 923 membra
1180 892 1300 931 relato,
1333 892 1520 924 incumbere
1546 894 1652 925 omnia

319 947 398 991 juris
421 947 539 983 ossicia,
569 944 686 986 quibus
711 943 829 985 singuli
851 944 998 974 homines
1024 955 1097 985 erga
1124 945 1265 986 singulos
1290 945 1380 977 nullo
1407 946 1494 977 civili
1522 947 1653 978 vinculo

320 999 505 1044 conjunctos
528 1002 700 1036 tenentur,
725 1007 761 1026 ae
782 996 918 1027 vicissim
943 1001 1124 1037 competere
1148 998 1254 1027 onmia
1276 998 1368 1039 jura,
1392 998 1510 1040 quibus
1534 999 1653 1040 singuli

319 1053 469 1085 adversus
491 1050 631 1093 singulos
655 1060 694 1080 ex
717 1049 813 1080 solius
835 1049 964 1079 rationis
984 1048 1156 1079 dictamine
1179 1055 1318 1080 utuntur
1336 1050 1394 1092 (1).
1429 1051 1541 1092 Itaque
1563 1057 1655 1082 exte—-

319 1117 429 1138 rorum
452 1105 612 1143 omnium,
630 1102 692 1145 qua
714 1102 841 1141 talium,
864 1101 933 1145 jura
953 1111 992 1131 ex
1012 1100 1087 1143 justi
1108 1101 1218 1132 norma
1239 1102 1380 1144 generali
1402 1109 1499 1145 atque
1521 1104 1656 1136 univer-

319 1160 376 1192 sali
390 1158 568 1191 definienda
582 1163 671 1196 sunt,
687 1156 772 1199 leges
785 1162 892 1187 autem
906 1155 1049 1197 positivae
1064 1154 1253 1186 secundario
1265 1161 1391 1186 tantum
1404 1155 1473 1187 loco
1484 1156 1654 1197 habendae,

321 1220 479 1257 quatenus
504 1212 623 1242 scilicet
656 1210 847 1241 considerari
871 1215 998 1252 queunt
1022 1214 1186 1251 tamquam
1214 1215 1325 1252 pacta,
1357 1208 1475 1253 quibus
1499 1211 1578 1255 juris
1605 1212 1655 1243 sui

321 1267 484 1310 originarii
506 1267 584 1297 fines
604 1265 770 1308 propagari
791 1264 842 1297 vel
862 1270 1022 1295 coarctare
1041 1263 1217 1306 potuerint.

364 1353 450 1384 VIII.
485 1353 532 1383 Ex
549 1352 716 1395 praemissis
730 1357 833 1394 patet,
851 1357 977 1383 exteros
988 1351 1084 1382 etiam
1101 1350 1134 1381 in
1150 1350 1286 1382 civitatis
1301 1350 1435 1394 persona
1447 1351 1554 1382 omnia
1565 1349 1635 1395 jura
1646 1375 1654 1391 ‚

321 1418 395 1450 quae
416 1412 546 1449 propter
560 1405 740 1436 libertatem
756 1404 937 1436 naturalem
953 1404 1055 1435 cuivis
1071 1414 1212 1445 personae
1227 1404 1293 1436 sive
1311 1403 1466 1446 singulari
1483 1404 1549 1434 sive
1567 1415 1657 1447 mys-

319 1462 389 1491 ticae
409 1460 535 1503 propria
554 1465 646 1498 sunt,
668 1465 775 1490 sancte
795 1457 963 1490 observare
983 1456 1110 1487 debere.
1136 1456 1155 1487 J
1158 1468 1208 1487 am
1228 1467 1304 1489 vero
1323 1455 1395 1499 jure
1412 1455 1467 1486 illo
1486 1456 1657 1498 originario

321 1514 476 1545 libertatis
497 1519 637 1543 externae
661 1514 844 1543 continetur
866 1512 962 1543 etiam
984 1510 1081 1548 illud,
1102 1520 1220 1552 nempe
1238 1510 1406 1552 proprium
1427 1509 1485 1540 sibi
1502 1509 1657 1541 reddendi

322 1573 356 1598 et
377 1567 410 1597 in
432 1578 507 1597 usus
524 1577 595 1597 suos
617 1566 839 1605 convertendi,
866 1563 1024 1607 quidquid
1046 1562 1104 1594 sibi
1130 1569 1242 1605 sponte
1265 1562 1407 1594 oblatum
1429 1564 1545 1603 fuerit,
1571 1563 1657 1607 quod

323 1620 441 1654 virium
467 1631 597 1651 suarum
623 1631 684 1651 usu
711 1631 785 1650 cum
812 1619 945 1662 persona
974 1618 1029 1649 sua
1054 1616 1250 1660 conjungere
1277 1617 1373 1659 possit
1390 1616 1508 1659 absque
1530 1617 1658 1649 laesione

323 1674 456 1705 dominii
479 1673 609 1704 alterius
629 1673 687 1714 (2).
727 1674 842 1712 Porro⁷
872 1683 973 1714 quum
1000 1672 1032 1703 vi
1060 1669 1196 1714 hujusce
1229 1670 1308 1713 juris
1338 1671 1534 1701 territorium
1560 1681 1657 1701 suum

324 1728 434 1760 civitas
462 1738 538 1758 eum
558 1727 592 1757 in
615 1727 712 1758 finem
735 1727 944 1769 occupatione
965 1724 1023 1756 sibi
1044 1725 1210 1768 proprium
1232 1724 1391 1763 effecerit,
1419 1729 1456 1754 ut
1476 1723 1516 1754 de
1536 1734 1572 1754 eo
1593 1724 1658 1766 qua

324 1780 381 1812 ‘tali
404 1780 467 1811 sola
492 1779 694 1822 disponeret,
722 1780 856 1823 ejusque
876 1791 972 1811 usum
992 1778 1050 1809 sibi
1075 1778 1132 1809 soli
1158 1783 1349 1816 assumeret,
1379 1777 1586 1808 manifestum
1611 1783 1659 1808 est

324 1840 490 1876 extraneos
512 1834 615 1865 teneri
643 1833 772 1865 arbitrio
794 1835 909 1876 ipsi11S‚
931 1832 970 1864 de
987 1832 1080 1863 modo
1102 1842 1199 1875 quem
1220 1832 1253 1862 in
1275 1831 1425 1862 territorii
1445 1831 1494 1861 sui
1517 1840 1579 1861 usu
1598 1830 1658 1861 ad-

324 1886 435 1918 hibere
462 1886 559 1926 velit,
595 1885 826 1929 obtemperare.
863 1888 1068 1930 Quapropter
1094 1892 1246 1917 extraneo
1275 1885 1357 1917 nulli
1382 1885 1432 1929 jus
1459 1885 1657 1916 territorium

355 1998 394 2027 (1)
411 1997 456 2020 »A
476 1998 564 2028 l'e'gard
580 1998 608 2020 de
624 1999 762 2029 l'eltranger,
782 1998 800 2021 il
816 1998 853 2028 (le
867 2005 936 2028 corps
953 1998 985 2021 du
1001 1998 1110 2028 peuple)
1128 1997 1226 2021 devient
1242 2004 1275 2019 un
1290 1997 1339 2019 etse
1353 1996 1452 2026 simple,
1473 2003 1507 2019 un
1518 1995 1658 2019 iudividu.”

325 2038 346 2061 J.
366 2038 387 2060 J.
406 2038 542 2067 Rousseau,
563 2043 640 2063 contr.
657 2047 704 2061 soe.
723 2040 742 2061 1.
759 2047 781 2068 7.

356 2078 394 2108 (2)
412 2078 447 2101 De
463 2078 506 2101 hoc
520 2079 572 2108 jure
586 2078 723 2108 originariae
736 2077 900 2108 occupationis
915 2077 1017 2100 omnino
1031 2077 1136 2101 conferri
1147 2081 1251 2100 meretur
1260 2077 1394 2100 Brfickner.
1413 2076 1480 2099 Essai
1497 2083 1537 2099 sur
1549 2075 1660 2106 l'origine

327 2122 351 2141 et
365 2111 388 2141 la
402 2123 489 2141 nature
503 2118 543 2141 des
563 2118 651 2147 drona,
673 2126 732 2148 page
745 2118 789 2140 582
805 2125 871 2149 seqq.
888 2118 990 2148 Lipsiae,
1010 2118 1077 2141 1818.
