<?xml version="1.0" encoding="UTF-8"?>
<!DOCTYPE html PUBLIC "-//W3C//DTD XHTML 1.0 Transitional//EN"
    "http://www.w3.org/TR/xhtml1/DTD/xhtml1-transitional.dtd">
<html xmlns="http://www.w3.org/1999/xhtml" xml:lang="en" lang="en">
 <head>
  <title>
</title>
<meta http-equiv="Content-Type" content="text/html;charset=utf-8" />
  <meta name='ocr-system' content='tesseract 3.04.00' />
  <meta name='ocr-capabilities' content='ocr_page ocr_carea ocr_par ocr_line ocrx_word'/>
</head>
<body>
  <div class='ocr_page' id='page_1' title='image "annalesacademiae00acad_0050.png"; bbox 0 0 1747 2620; ppageno 0'>
   <div class='ocr_carea' id='block_1_1' title="bbox 907 292 1018 334">
    <p class='ocr_par' dir='ltr' id='par_1_1' title="bbox 907 292 1018 334">
     <span class='ocr_line' id='line_1_1' title="bbox 907 292 1018 334; baseline 0.009 -1"><span class='ocrx_word' id='word_1_1' title='bbox 907 292 1018 334; x_wconf 73' lang='lat'><em>(18)</em></span> 
     </span>
    </p>
   </div>
   <div class='ocr_carea' id='block_1_2' title="bbox 298 363 1618 2086">
    <p class='ocr_par' dir='ltr' id='par_1_2' title="bbox 306 363 1618 567">
     <span class='ocr_line' id='line_1_2' title="bbox 307 363 1617 406; baseline -0.002 -8"><span class='ocrx_word' id='word_1_2' title='bbox 307 367 450 399; x_wconf 83' lang='lat' dir='ltr'>cessionis</span> <span class='ocrx_word' id='word_1_3' title='bbox 474 365 669 397; x_wconf 74' lang='lat' dir='ltr'><strong>hereditariae</strong></span> <span class='ocrx_word' id='word_1_4' title='bbox 694 365 802 396; x_wconf 80' lang='lat' dir='ltr'><strong>ordine</strong></span> <span class='ocrx_word' id='word_1_5' title='bbox 829 364 925 395; x_wconf 91' lang='lat' dir='ltr'><strong>semel</strong></span> <span class='ocrx_word' id='word_1_6' title='bbox 953 363 1139 403; x_wconf 81' lang='lat' dir='ltr'><strong>constituto,</strong></span> <span class='ocrx_word' id='word_1_7' title='bbox 1164 365 1296 395; x_wconf 86' lang='lat' dir='ltr'>sancivit</span> <span class='ocrx_word' id='word_1_8' title='bbox 1322 365 1468 403; x_wconf 88' lang='lat' dir='ltr'><strong>modum,</strong></span> <span class='ocrx_word' id='word_1_9' title='bbox 1497 375 1560 406; x_wconf 90' lang='lat' dir='ltr'><strong>quo</strong></span> <span class='ocrx_word' id='word_1_10' title='bbox 1584 366 1617 396; x_wconf 85' lang='lat' dir='ltr'><strong>in</strong></span> 
     </span>
     <span class='ocr_line' id='line_1_3' title="bbox 306 417 1618 462; baseline -0.002 -12"><span class='ocrx_word' id='word_1_11' title='bbox 306 426 466 462; x_wconf 88' lang='lat' dir='ltr'><strong>posterum</strong></span> <span class='ocrx_word' id='word_1_12' title='bbox 489 420 670 461; x_wconf 82' lang='lat' dir='ltr'>imperantis</span> <span class='ocrx_word' id='word_1_13' title='bbox 692 429 822 460; x_wconf 84' lang='lat' dir='ltr'><strong>persona</strong></span> <span class='ocrx_word' id='word_1_14' title='bbox 845 418 1125 456; x_wconf 79' lang='lat' dir='ltr'><strong>determinaretur,</strong></span> <span class='ocrx_word' id='word_1_15' title='bbox 1151 423 1187 448; x_wconf 88' lang='lat' dir='ltr'><strong>ut</strong></span> <span class='ocrx_word' id='word_1_16' title='bbox 1205 418 1328 460; x_wconf 86' lang='lat' dir='ltr'><strong>itaque,</strong></span> <span class='ocrx_word' id='word_1_17' title='bbox 1352 418 1407 459; x_wconf 92' lang='lat' dir='ltr'><strong>qui</strong></span> <span class='ocrx_word' id='word_1_18' title='bbox 1428 417 1618 447; x_wconf 89' lang='lat' dir='ltr'><strong>hereditario</strong></span> 
     </span>
     <span class='ocr_line' id='line_1_4' title="bbox 308 469 1618 516; baseline -0.002 -13"><span class='ocrx_word' id='word_1_19' title='bbox 308 472 379 516; x_wconf 86' lang='lat' dir='ltr'><strong>jure</strong></span> <span class='ocrx_word' id='word_1_20' title='bbox 401 473 433 502; x_wconf 87' lang='lat' dir='ltr'><strong>in</strong></span> <span class='ocrx_word' id='word_1_21' title='bbox 454 483 587 514; x_wconf 86' lang='lat' dir='ltr'><strong>regnum</strong></span> <span class='ocrx_word' id='word_1_22' title='bbox 608 471 762 509; x_wconf 78' lang='lat' dir='ltr'>succedit,</span> <span class='ocrx_word' id='word_1_23' title='bbox 784 470 967 512; x_wconf 83' lang='lat' dir='ltr'><strong>dignitatem</strong></span> <span class='ocrx_word' id='word_1_24' title='bbox 988 480 1167 511; x_wconf 82' lang='lat' dir='ltr'><strong>supremam</strong></span> <span class='ocrx_word' id='word_1_25' title='bbox 1189 481 1253 500; x_wconf 90' lang='lat' dir='ltr'><strong>non</strong></span> <span class='ocrx_word' id='word_1_26' title='bbox 1274 469 1313 500; x_wconf 86' lang='lat' dir='ltr'><strong>ab</strong></span> <span class='ocrx_word' id='word_1_27' title='bbox 1333 475 1542 509; x_wconf 78' lang='lat' dir='ltr'><strong>antecessore,</strong></span> <span class='ocrx_word' id='word_1_28' title='bbox 1564 469 1618 500; x_wconf 88' lang='lat' dir='ltr'><strong>sed</strong></span> 
     </span>
     <span class='ocr_line' id='line_1_5' title="bbox 306 521 1232 567; baseline -0.004 -11"><span class='ocrx_word' id='word_1_29' title='bbox 306 537 323 556; x_wconf 86' lang='lat' dir='ltr'><strong>a</strong></span> <span class='ocrx_word' id='word_1_30' title='bbox 346 525 463 567; x_wconf 86' lang='lat' dir='ltr'><strong>populo</strong></span> <span class='ocrx_word' id='word_1_31' title='bbox 483 524 610 562; x_wconf 79' lang='lat' dir='ltr'><strong>habeat,</strong></span> <span class='ocrx_word' id='word_1_32' title='bbox 633 535 669 554; x_wconf 62' lang='lat' dir='ltr'><strong>cz</strong></span> <span class='ocrx_word' id='word_1_33' title='bbox 692 529 782 565; x_wconf 85' lang='lat' dir='ltr'><strong>pacto</strong></span> <span class='ocrx_word' id='word_1_34' title='bbox 799 528 829 553; x_wconf 88' lang='lat' dir='ltr'><strong>et</strong></span> <span class='ocrx_word' id='word_1_35' title='bbox 849 522 1044 564; x_wconf 86' lang='lat' dir='ltr'><strong>providentia</strong></span> <span class='ocrx_word' id='word_1_36' title='bbox 1065 521 1232 565; x_wconf 80' lang='lat' dir='ltr'><strong>majorum.</strong></span> 
     </span>
    </p>

    <p class='ocr_par' dir='ltr' id='par_1_3' title="bbox 298 573 1618 2086">
     <span class='ocr_line' id='line_1_6' title="bbox 349 573 1617 619; baseline -0.004 -11"><span class='ocrx_word' id='word_1_37' title='bbox 349 579 453 619; x_wconf 83' lang='lat' dir='ltr'><strong>Atque</strong></span> <span class='ocrx_word' id='word_1_38' title='bbox 470 577 624 618; x_wconf 85' lang='lat' dir='ltr'><strong>profecto,</strong></span> <span class='ocrx_word' id='word_1_39' title='bbox 641 576 695 617; x_wconf 83' lang='lat' dir='ltr'><strong>qui</strong></span> <span class='ocrx_word' id='word_1_40' title='bbox 712 580 843 617; x_wconf 79' lang='lat' dir='ltr'><strong>negent,</strong></span> <span class='ocrx_word' id='word_1_41' title='bbox 865 574 981 605; x_wconf 86' lang='lat' dir='ltr'><strong>summi</strong></span> <span class='ocrx_word' id='word_1_42' title='bbox 998 574 1124 616; x_wconf 82' lang='lat' dir='ltr'><strong>imperii</strong></span> <span class='ocrx_word' id='word_1_43' title='bbox 1142 573 1348 604; x_wconf 87' lang='lat' dir='ltr'><strong>fundamenta</strong></span> <span class='ocrx_word' id='word_1_44' title='bbox 1365 574 1396 604; x_wconf 89' lang='lat' dir='ltr'><strong>in</strong></span> <span class='ocrx_word' id='word_1_45' title='bbox 1415 573 1524 616; x_wconf 86' lang='lat' dir='ltr'><strong>populi</strong></span> <span class='ocrx_word' id='word_1_46' title='bbox 1540 584 1617 604; x_wconf 90' lang='lat' dir='ltr'><strong>con-</strong></span> 
     </span>
     <span class='ocr_line' id='line_1_7' title="bbox 304 626 1617 670; baseline -0.003 -10"><span class='ocrx_word' id='word_1_47' title='bbox 304 640 397 660; x_wconf 89' lang='lat' dir='ltr'><strong>sensu</strong></span> <span class='ocrx_word' id='word_1_48' title='bbox 427 635 458 659; x_wconf 89' lang='lat' dir='ltr'><strong>et</strong></span> <span class='ocrx_word' id='word_1_49' title='bbox 487 629 695 660; x_wconf 82' lang='lat' dir='ltr'><strong>conventione</strong></span> <span class='ocrx_word' id='word_1_50' title='bbox 723 627 867 670; x_wconf 90' lang='lat' dir='ltr'><strong>ponenda</strong></span> <span class='ocrx_word' id='word_1_51' title='bbox 897 638 984 665; x_wconf 81' lang='lat' dir='ltr'><strong>esse,</strong></span> <span class='ocrx_word' id='word_1_52' title='bbox 1013 627 1035 657; x_wconf 88' lang='lat' dir='ltr'><strong>ii</strong></span> <span class='ocrx_word' id='word_1_53' title='bbox 1066 637 1139 656; x_wconf 82' lang='lat' dir='ltr'><strong>sane</strong></span> <span class='ocrx_word' id='word_1_54' title='bbox 1173 627 1362 657; x_wconf 81' lang='lat' dir='ltr'>contendere</span> <span class='ocrx_word' id='word_1_55' title='bbox 1393 638 1466 657; x_wconf 90' lang='lat' dir='ltr'><strong>cum</strong></span> <span class='ocrx_word' id='word_1_56' title='bbox 1500 626 1617 657; x_wconf 82' lang='lat' dir='ltr'><strong>Carolo</strong></span> 
     </span>
     <span class='ocr_line' id='line_1_8' title="bbox 305 677 1615 723; baseline -0.004 -10"><span class='ocrx_word' id='word_1_57' title='bbox 305 682 472 713; x_wconf 80' lang='lat' dir='ltr'><strong>Ladovz&#39;co</strong></span> <span class='ocrx_word' id='word_1_58' title='bbox 495 682 533 712; x_wconf 76' lang='lat' dir='ltr'><strong>cle</strong></span> <span class='ocrx_word' id='word_1_59' title='bbox 555 682 697 717; x_wconf 63' lang='lat' dir='ltr'><strong>Halkw,</strong></span> <span class='ocrx_word' id='word_1_60' title='bbox 725 680 856 723; x_wconf 83' lang='lat' dir='ltr'><strong>ejusque</strong></span> <span class='ocrx_word' id='word_1_61' title='bbox 882 679 1002 709; x_wconf 81' lang='lat' dir='ltr'><strong>asseclis</strong></span> <span class='ocrx_word' id='word_1_62' title='bbox 1028 677 1159 718; x_wconf 85' lang='lat' dir='ltr'><strong>debent,</strong></span> <span class='ocrx_word' id='word_1_63' title='bbox 1186 679 1249 710; x_wconf 65' lang='lat' dir='ltr'><strong>sola</strong></span> <span class='ocrx_word' id='word_1_64' title='bbox 1273 679 1353 710; x_wconf 89' lang='lat' dir='ltr'><strong>illud</strong></span> <span class='ocrx_word' id='word_1_65' title='bbox 1375 680 1525 720; x_wconf 65' lang='lat' dir='ltr'><strong>potentini</strong></span> <span class='ocrx_word' id='word_1_66' title='bbox 1546 679 1615 710; x_wconf 89' lang='lat' dir='ltr'><strong>niti.</strong></span> 
     </span>
     <span class='ocr_line' id='line_1_9' title="bbox 305 731 1616 775; baseline -0.003 -10"><span class='ocrx_word' id='word_1_67' title='bbox 305 735 374 765; x_wconf 84' lang='lat' dir='ltr'><strong>Jam</strong></span> <span class='ocrx_word' id='word_1_68' title='bbox 396 745 469 766; x_wconf 89' lang='lat' dir='ltr'><strong>vero</strong></span> <span class='ocrx_word' id='word_1_69' title='bbox 489 745 647 765; x_wconf 89' lang='lat' dir='ltr'><strong>summum</strong></span> <span class='ocrx_word' id='word_1_70' title='bbox 670 734 837 775; x_wconf 87' lang='lat' dir='ltr'><strong>imperium</strong></span> <span class='ocrx_word' id='word_1_71' title='bbox 860 732 973 763; x_wconf 86' lang='lat' dir='ltr'><strong>debere</strong></span> <span class='ocrx_word' id='word_1_72' title='bbox 995 744 1068 762; x_wconf 90' lang='lat' dir='ltr'><strong>cum</strong></span> <span class='ocrx_word' id='word_1_73' title='bbox 1088 733 1227 773; x_wconf 82' lang='lat' dir='ltr'><strong>potentia</strong></span> <span class='ocrx_word' id='word_1_74' title='bbox 1244 731 1449 775; x_wconf 84' lang='lat' dir='ltr'><strong>conjunctum</strong></span> <span class='ocrx_word' id='word_1_75' title='bbox 1466 742 1548 771; x_wconf 80' lang='lat' dir='ltr'><strong>esse,</strong></span> <span class='ocrx_word' id='word_1_76' title='bbox 1563 737 1616 770; x_wconf 88' lang='lat' dir='ltr'><strong>ut,</strong></span> 
     </span>
     <span class='ocr_line' id='line_1_10' title="bbox 304 784 1618 829; baseline -0.002 -12"><span class='ocrx_word' id='word_1_77' title='bbox 304 798 374 828; x_wconf 80' lang='lat' dir='ltr'><strong>quae</strong></span> <span class='ocrx_word' id='word_1_78' title='bbox 397 786 520 829; x_wconf 84' lang='lat' dir='ltr'><strong>jusserit</strong></span> <span class='ocrx_word' id='word_1_79' title='bbox 539 787 710 828; x_wconf 81' lang='lat' dir='ltr'><strong>imperans,</strong></span> <span class='ocrx_word' id='word_1_80' title='bbox 735 786 863 828; x_wconf 82' lang='lat' dir='ltr'><strong>exsequi</strong></span> <span class='ocrx_word' id='word_1_81' title='bbox 887 791 981 828; x_wconf 82' lang='lat' dir='ltr'><strong>atque</strong></span> <span class='ocrx_word' id='word_1_82' title='bbox 1002 784 1174 815; x_wconf 86' lang='lat' dir='ltr'><strong>defendere</strong></span> <span class='ocrx_word' id='word_1_83' title='bbox 1198 786 1309 827; x_wconf 84' lang='lat' dir='ltr'><strong>possit,</strong></span> <span class='ocrx_word' id='word_1_84' title='bbox 1331 785 1390 816; x_wconf 90' lang='lat' dir='ltr'><strong>hoc</strong></span> <span class='ocrx_word' id='word_1_85' title='bbox 1415 790 1500 816; x_wconf 87' lang='lat' dir='ltr'><strong>certe</strong></span> <span class='ocrx_word' id='word_1_86' title='bbox 1523 794 1618 816; x_wconf 87' lang='lat' dir='ltr'><strong>nemo</strong></span> 
     </span>
     <span class='ocr_line' id='line_1_11' title="bbox 304 837 1617 881; baseline -0.002 -11"><span class='ocrx_word' id='word_1_87' title='bbox 304 840 422 870; x_wconf 88' lang='lat' dir='ltr'><strong>inficias</strong></span> <span class='ocrx_word' id='word_1_88' title='bbox 446 839 518 869; x_wconf 88' lang='lat' dir='ltr'><strong>ibit:</strong></span> <span class='ocrx_word' id='word_1_89' title='bbox 547 842 601 871; x_wconf 89' lang='lat' dir='ltr'><strong>sed</strong></span> <span class='ocrx_word' id='word_1_90' title='bbox 629 840 659 870; x_wconf 71' lang='lat' dir='ltr'><strong>vi</strong></span> <span class='ocrx_word' id='word_1_91' title='bbox 687 845 719 870; x_wconf 90' lang='lat' dir='ltr'><strong>et</strong></span> <span class='ocrx_word' id='word_1_92' title='bbox 743 839 882 881; x_wconf 68' lang='lat' dir='ltr'><strong>potentia</strong></span> <span class='ocrx_word' id='word_1_93' title='bbox 905 839 967 869; x_wconf 62' lang='lat' dir='ltr'><strong>sola</strong></span> <span class='ocrx_word' id='word_1_94' title='bbox 991 838 1116 869; x_wconf 86' lang='lat' dir='ltr'><strong>nullum</strong></span> <span class='ocrx_word' id='word_1_95' title='bbox 1141 838 1190 880; x_wconf 85' lang='lat' dir='ltr'><strong>jus</strong></span> <span class='ocrx_word' id='word_1_96' title='bbox 1214 839 1375 879; x_wconf 80' lang='lat' dir='ltr'><strong>progigni3</strong></span> <span class='ocrx_word' id='word_1_97' title='bbox 1399 849 1510 869; x_wconf 90' lang='lat' dir='ltr'><strong>verum</strong></span> <span class='ocrx_word' id='word_1_98' title='bbox 1530 837 1617 868; x_wconf 89' lang='lat' dir='ltr'><strong>illam</strong></span> 
     </span>
     <span class='ocr_line' id='line_1_12' title="bbox 303 890 1617 933; baseline -0.001 -12"><span class='ocrx_word' id='word_1_99' title='bbox 303 902 367 921; x_wconf 85' lang='lat' dir='ltr'><strong>non</strong></span> <span class='ocrx_word' id='word_1_100' title='bbox 388 892 446 921; x_wconf 88' lang='lat' dir='ltr'><strong>nisi</strong></span> <span class='ocrx_word' id='word_1_101' title='bbox 468 891 507 921; x_wconf 89' lang='lat' dir='ltr'><strong>ad</strong></span> <span class='ocrx_word' id='word_1_102' title='bbox 532 891 609 933; x_wconf 89' lang='lat' dir='ltr'><strong>juris</strong></span> <span class='ocrx_word' id='word_1_103' title='bbox 632 891 802 921; x_wconf 86' lang='lat' dir='ltr'><strong>custodiam</strong></span> <span class='ocrx_word' id='word_1_104' title='bbox 829 892 1074 933; x_wconf 69' lang='lat' dir='ltr'><strong>praesidiumque</strong></span> <span class='ocrx_word' id='word_1_105' title='bbox 1098 890 1307 921; x_wconf 81' lang='lat' dir='ltr'><strong>adhibendam</strong></span> <span class='ocrx_word' id='word_1_106' title='bbox 1331 902 1414 929; x_wconf 87' lang='lat' dir='ltr'><strong>esse,</strong></span> <span class='ocrx_word' id='word_1_107' title='bbox 1438 890 1497 921; x_wconf 87' lang='lat' dir='ltr'><strong>hoc</strong></span> <span class='ocrx_word' id='word_1_108' title='bbox 1515 891 1617 932; x_wconf 83' lang='lat' dir='ltr'><strong>prima</strong></span> 
     </span>
     <span class='ocr_line' id='line_1_13' title="bbox 306 942 1616 985; baseline 0.001 -13"><span class='ocrx_word' id='word_1_109' title='bbox 306 942 379 984; x_wconf 82' lang='lat' dir='ltr'><strong>justi</strong></span> <span class='ocrx_word' id='word_1_110' title='bbox 396 948 551 984; x_wconf 85' lang='lat' dir='ltr'><strong>praecepta</strong></span> <span class='ocrx_word' id='word_1_111' title='bbox 573 942 696 972; x_wconf 84' lang='lat' dir='ltr'><strong>docent.</strong></span> <span class='ocrx_word' id='word_1_112' title='bbox 717 942 826 983; x_wconf 86' lang='lat' dir='ltr'><strong>Itaque</strong></span> <span class='ocrx_word' id='word_1_113' title='bbox 842 943 1013 983; x_wconf 87' lang='lat' dir='ltr'><strong>imperium</strong></span> <span class='ocrx_word' id='word_1_114' title='bbox 1038 943 1184 983; x_wconf 89' lang='lat' dir='ltr'><strong>quidem,</strong></span> <span class='ocrx_word' id='word_1_115' title='bbox 1206 954 1310 985; x_wconf 89' lang='lat' dir='ltr'><strong>neque</strong></span> <span class='ocrx_word' id='word_1_116' title='bbox 1330 954 1405 975; x_wconf 86' lang='lat' dir='ltr'><strong>vero</strong></span> <span class='ocrx_word' id='word_1_117' title='bbox 1420 943 1616 985; x_wconf 86' lang='lat' dir='ltr'><strong>legitimum,</strong></span> 
     </span>
     <span class='ocr_line' id='line_1_14' title="bbox 302 994 1618 1037; baseline 0.001 -12"><span class='ocrx_word' id='word_1_118' title='bbox 302 995 364 1025; x_wconf 69' lang='lat' dir='ltr'><strong>sola</strong></span> <span class='ocrx_word' id='word_1_119' title='bbox 383 994 521 1037; x_wconf 70' lang='lat' dir='ltr'><strong>potentia</strong></span> <span class='ocrx_word' id='word_1_120' title='bbox 540 999 791 1036; x_wconf 78' lang='lat' dir='ltr'><strong>superstructum</strong></span> <span class='ocrx_word' id='word_1_121' title='bbox 815 994 943 1035; x_wconf 85' lang='lat' dir='ltr'><strong>cogitari</strong></span> <span class='ocrx_word' id='word_1_122' title='bbox 967 999 1079 1035; x_wconf 86' lang='lat' dir='ltr'><strong>potest.</strong></span> <span class='ocrx_word' id='word_1_123' title='bbox 1104 994 1216 1036; x_wconf 87' lang='lat' dir='ltr'><strong>Neque</strong></span> <span class='ocrx_word' id='word_1_124' title='bbox 1236 995 1275 1025; x_wconf 88' lang='lat' dir='ltr'><strong>ad</strong></span> <span class='ocrx_word' id='word_1_125' title='bbox 1296 995 1527 1026; x_wconf 84' lang='lat' dir='ltr'><strong>defendendam</strong></span> <span class='ocrx_word' id='word_1_126' title='bbox 1553 1001 1618 1026; x_wconf 88' lang='lat' dir='ltr'><strong>tam</strong></span> 
     </span>
     <span class='ocr_line' id='line_1_15' title="bbox 303 1044 1617 1088; baseline -0.001 -10"><span class='ocrx_word' id='word_1_127' title='bbox 303 1047 439 1078; x_wconf 82' lang='lat' dir='ltr'><strong>odiosam</strong></span> <span class='ocrx_word' id='word_1_128' title='bbox 460 1048 574 1078; x_wconf 88' lang='lat' dir='ltr'><strong>summi</strong></span> <span class='ocrx_word' id='word_1_129' title='bbox 595 1047 718 1088; x_wconf 88' lang='lat' dir='ltr'><strong>imperii</strong></span> <span class='ocrx_word' id='word_1_130' title='bbox 742 1047 895 1088; x_wconf 77' lang='lat' dir='ltr'><strong>originem</strong></span> <span class='ocrx_word' id='word_1_131' title='bbox 918 1046 1065 1088; x_wconf 81' lang='lat' dir='ltr'><strong>allegasse</strong></span> <span class='ocrx_word' id='word_1_132' title='bbox 1086 1044 1222 1088; x_wconf 85' lang='lat' dir='ltr'><strong>juvabit,</strong></span> <span class='ocrx_word' id='word_1_133' title='bbox 1246 1057 1321 1077; x_wconf 87' lang='lat' dir='ltr'><strong>eum</strong></span> <span class='ocrx_word' id='word_1_134' title='bbox 1341 1057 1407 1077; x_wconf 83' lang='lat' dir='ltr'><strong>esse</strong></span> <span class='ocrx_word' id='word_1_135' title='bbox 1424 1052 1617 1088; x_wconf 85' lang='lat' dir='ltr'><strong>perpetuum</strong></span> 
     </span>
     <span class='ocr_line' id='line_1_16' title="bbox 302 1098 1618 1140; baseline -0.001 -10"><span class='ocrx_word' id='word_1_136' title='bbox 302 1110 410 1130; x_wconf 85' lang='lat' dir='ltr'><strong>rerum</strong></span> <span class='ocrx_word' id='word_1_137' title='bbox 435 1099 576 1130; x_wconf 88' lang='lat' dir='ltr'><strong>ordinem</strong></span> <span class='ocrx_word' id='word_1_138' title='bbox 597 1111 613 1129; x_wconf 88' lang='lat' dir='ltr'><strong>a</strong></span> <span class='ocrx_word' id='word_1_139' title='bbox 630 1105 740 1129; x_wconf 84' lang='lat' dir='ltr'><strong>natura</strong></span> <span class='ocrx_word' id='word_1_140' title='bbox 761 1099 984 1135; x_wconf 86' lang='lat' dir='ltr'><strong>constitutum,</strong></span> <span class='ocrx_word' id='word_1_141' title='bbox 1007 1104 1044 1128; x_wconf 89' lang='lat' dir='ltr'><strong>ut</strong></span> <span class='ocrx_word' id='word_1_142' title='bbox 1063 1109 1218 1140; x_wconf 82' lang='lat' dir='ltr'><strong>pauperes</strong></span> <span class='ocrx_word' id='word_1_143' title='bbox 1238 1098 1412 1140; x_wconf 78' lang='lat' dir='ltr'><strong>opulenti5‚</strong></span> <span class='ocrx_word' id='word_1_144' title='bbox 1432 1099 1618 1129; x_wconf 84' lang='lat' dir='ltr'><strong>humiliores</strong></span> 
     </span>
     <span class='ocr_line' id='line_1_17' title="bbox 305 1150 1616 1194; baseline -0.001 -12"><span class='ocrx_word' id='word_1_145' title='bbox 305 1151 532 1194; x_wconf 78' lang='lat' dir='ltr'><strong>potentioribus</strong></span> <span class='ocrx_word' id='word_1_146' title='bbox 546 1151 731 1193; x_wconf 87' lang='lat' dir='ltr'><strong>obsequium</strong></span> <span class='ocrx_word' id='word_1_147' title='bbox 753 1157 910 1193; x_wconf 85' lang='lat' dir='ltr'><strong>praestent.</strong></span> <span class='ocrx_word' id='word_1_148' title='bbox 940 1151 1005 1181; x_wconf 92' lang='lat' dir='ltr'><strong>Hoc</strong></span> <span class='ocrx_word' id='word_1_149' title='bbox 1026 1153 1112 1181; x_wconf 83' lang='lat' dir='ltr'><strong>enim</strong></span> <span class='ocrx_word' id='word_1_150' title='bbox 1136 1150 1216 1181; x_wconf 88' lang='lat' dir='ltr'><strong>nihil</strong></span> <span class='ocrx_word' id='word_1_151' title='bbox 1240 1151 1327 1182; x_wconf 85' lang='lat' dir='ltr'><strong>aliud</strong></span> <span class='ocrx_word' id='word_1_152' title='bbox 1351 1150 1478 1193; x_wconf 81' lang='lat' dir='ltr'><strong>probat,</strong></span> <span class='ocrx_word' id='word_1_153' title='bbox 1501 1151 1560 1181; x_wconf 80' lang='lat' dir='ltr'><strong>nisi</strong></span> <span class='ocrx_word' id='word_1_154' title='bbox 1583 1152 1616 1181; x_wconf 91' lang='lat' dir='ltr'><strong>in</strong></span> 
     </span>
     <span class='ocr_line' id='line_1_18' title="bbox 303 1202 1616 1245; baseline -0.001 -11"><span class='ocrx_word' id='word_1_155' title='bbox 303 1205 389 1234; x_wconf 90' lang='lat' dir='ltr'><strong>omni</strong></span> <span class='ocrx_word' id='word_1_156' title='bbox 420 1206 491 1235; x_wconf 84' lang='lat' dir='ltr'><strong>vitae</strong></span> <span class='ocrx_word' id='word_1_157' title='bbox 519 1204 666 1234; x_wconf 79' lang='lat' dir='ltr'><strong>humanae</strong></span> <span class='ocrx_word' id='word_1_158' title='bbox 696 1203 874 1234; x_wconf 83' lang='lat' dir='ltr'><strong>conditione</strong></span> <span class='ocrx_word' id='word_1_159' title='bbox 902 1203 976 1233; x_wconf 85' lang='lat' dir='ltr'><strong>alios</strong></span> <span class='ocrx_word' id='word_1_160' title='bbox 1006 1202 1139 1233; x_wconf 83' lang='lat' dir='ltr'><strong>aliorum</strong></span> <span class='ocrx_word' id='word_1_161' title='bbox 1165 1213 1225 1245; x_wconf 78' lang='lat' dir='ltr'><strong>ope</strong></span> <span class='ocrx_word' id='word_1_162' title='bbox 1252 1208 1284 1233; x_wconf 90' lang='lat' dir='ltr'><strong>et</strong></span> <span class='ocrx_word' id='word_1_163' title='bbox 1311 1203 1430 1233; x_wconf 84' lang='lat' dir='ltr'><strong>auxilio</strong></span> <span class='ocrx_word' id='word_1_164' title='bbox 1456 1203 1616 1245; x_wconf 81' lang='lat' dir='ltr'><strong>indigere,</strong></span> 
     </span>
     <span class='ocr_line' id='line_1_19' title="bbox 301 1254 1616 1298; baseline -0.001 -11"><span class='ocrx_word' id='word_1_165' title='bbox 301 1256 377 1287; x_wconf 81' lang='lat' dir='ltr'><strong>alios</strong></span> <span class='ocrx_word' id='word_1_166' title='bbox 401 1256 533 1298; x_wconf 81' lang='lat' dir='ltr'><strong>proinde</strong></span> <span class='ocrx_word' id='word_1_167' title='bbox 557 1256 690 1287; x_wconf 87' lang='lat' dir='ltr'><strong>aliorum</strong></span> <span class='ocrx_word' id='word_1_168' title='bbox 715 1257 858 1298; x_wconf 85' lang='lat' dir='ltr'><strong>potestati</strong></span> <span class='ocrx_word' id='word_1_169' title='bbox 888 1255 1054 1285; x_wconf 84' lang='lat' dir='ltr'><strong>submissos</strong></span> <span class='ocrx_word' id='word_1_170' title='bbox 1076 1265 1160 1294; x_wconf 78' lang='lat' dir='ltr'><strong>esse3</strong></span> <span class='ocrx_word' id='word_1_171' title='bbox 1189 1254 1266 1285; x_wconf 87' lang='lat' dir='ltr'><strong>hinc</strong></span> <span class='ocrx_word' id='word_1_172' title='bbox 1289 1256 1384 1286; x_wconf 86' lang='lat' dir='ltr'><strong>etiam</strong></span> <span class='ocrx_word' id='word_1_173' title='bbox 1410 1256 1443 1285; x_wconf 91' lang='lat' dir='ltr'><strong>in</strong></span> <span class='ocrx_word' id='word_1_174' title='bbox 1469 1256 1616 1294; x_wconf 83' lang='lat' dir='ltr'><strong>civitate,</strong></span> 
     </span>
     <span class='ocr_line' id='line_1_20' title="bbox 301 1307 1616 1350; baseline 0.001 -12"><span class='ocrx_word' id='word_1_175' title='bbox 301 1308 436 1350; x_wconf 73' lang='lat' dir='ltr'><strong>publicas</strong></span> <span class='ocrx_word' id='word_1_176' title='bbox 459 1308 566 1339; x_wconf 85' lang='lat' dir='ltr'><strong>salutis</strong></span> <span class='ocrx_word' id='word_1_177' title='bbox 587 1308 796 1350; x_wconf 85' lang='lat' dir='ltr'><strong>procurandae</strong></span> <span class='ocrx_word' id='word_1_178' title='bbox 819 1315 932 1346; x_wconf 86' lang='lat' dir='ltr'><strong>causa,</strong></span> <span class='ocrx_word' id='word_1_179' title='bbox 958 1307 1214 1339; x_wconf 87' lang='lat' dir='ltr'><strong>constituendum</strong></span> <span class='ocrx_word' id='word_1_180' title='bbox 1243 1319 1309 1338; x_wconf 87' lang='lat' dir='ltr'><strong>esse</strong></span> <span class='ocrx_word' id='word_1_181' title='bbox 1337 1308 1529 1350; x_wconf 80' lang='lat' dir='ltr'><strong>imperium,</strong></span> <span class='ocrx_word' id='word_1_182' title='bbox 1561 1310 1616 1339; x_wconf 87' lang='lat' dir='ltr'><strong>cui</strong></span> 
     </span>
     <span class='ocr_line' id='line_1_21' title="bbox 299 1360 1615 1404; baseline -0.002 -12"><span class='ocrx_word' id='word_1_183' title='bbox 299 1363 384 1394; x_wconf 75' lang='lat' dir='ltr'><strong>cives</strong></span> <span class='ocrx_word' id='word_1_184' title='bbox 412 1362 549 1393; x_wconf 85' lang='lat' dir='ltr'><strong>universi</strong></span> <span class='ocrx_word' id='word_1_185' title='bbox 577 1362 813 1404; x_wconf 78' lang='lat' dir='ltr'><strong>obtemperent:</strong></span> <span class='ocrx_word' id='word_1_186' title='bbox 840 1361 973 1391; x_wconf 82' lang='lat' dir='ltr'><strong>minime</strong></span> <span class='ocrx_word' id='word_1_187' title='bbox 998 1370 1074 1391; x_wconf 80' lang='lat' dir='ltr'><strong>vero</strong></span> <span class='ocrx_word' id='word_1_188' title='bbox 1102 1360 1206 1402; x_wconf 81' lang='lat' dir='ltr'><strong>colligi</strong></span> <span class='ocrx_word' id='word_1_189' title='bbox 1229 1360 1304 1391; x_wconf 86' lang='lat' dir='ltr'><strong>inde</strong></span> <span class='ocrx_word' id='word_1_190' title='bbox 1333 1366 1456 1402; x_wconf 89' lang='lat' dir='ltr'><strong>potest,</strong></span> <span class='ocrx_word' id='word_1_191' title='bbox 1485 1360 1524 1391; x_wconf 87' lang='lat' dir='ltr'><strong>de</strong></span> <span class='ocrx_word' id='word_1_192' title='bbox 1550 1371 1615 1402; x_wconf 78' lang='lat' dir='ltr'><strong>quo</strong></span> 
     </span>
     <span class='ocr_line' id='line_1_22' title="bbox 299 1413 1616 1456; baseline -0.001 -12"><span class='ocrx_word' id='word_1_193' title='bbox 299 1420 405 1444; x_wconf 84' lang='lat' dir='ltr'><strong>tamen</strong></span> <span class='ocrx_word' id='word_1_194' title='bbox 427 1413 492 1444; x_wconf 89' lang='lat' dir='ltr'><strong>solo</strong></span> <span class='ocrx_word' id='word_1_195' title='bbox 518 1415 637 1456; x_wconf 76' lang='lat' dir='ltr'><strong>agitur⁷</strong></span> <span class='ocrx_word' id='word_1_196' title='bbox 664 1415 763 1456; x_wconf 86' lang='lat' dir='ltr'><strong>ipsam</strong></span> <span class='ocrx_word' id='word_1_197' title='bbox 788 1414 851 1444; x_wconf 90' lang='lat' dir='ltr'><strong>vim</strong></span> <span class='ocrx_word' id='word_1_198' title='bbox 876 1419 908 1444; x_wconf 89' lang='lat' dir='ltr'><strong>et</strong></span> <span class='ocrx_word' id='word_1_199' title='bbox 932 1414 1103 1455; x_wconf 87' lang='lat' dir='ltr'><strong>potentiam</strong></span> <span class='ocrx_word' id='word_1_200' title='bbox 1124 1414 1157 1443; x_wconf 85' lang='lat' dir='ltr'><strong>in</strong></span> <span class='ocrx_word' id='word_1_201' title='bbox 1180 1424 1213 1443; x_wconf 91' lang='lat' dir='ltr'><strong>se</strong></span> <span class='ocrx_word' id='word_1_202' title='bbox 1237 1413 1351 1456; x_wconf 86' lang='lat' dir='ltr'><strong>justam</strong></span> <span class='ocrx_word' id='word_1_203' title='bbox 1376 1413 1616 1455; x_wconf 72' lang='lat' dir='ltr'><strong>legitimamque</strong></span> 
     </span>
     <span class='ocr_line' id='line_1_23' title="bbox 300 1465 1615 1508; baseline 0 -12"><span class='ocrx_word' id='word_1_204' title='bbox 300 1477 365 1496; x_wconf 86' lang='lat' dir='ltr'><strong>esse</strong></span> <span class='ocrx_word' id='word_1_205' title='bbox 392 1467 551 1507; x_wconf 84' lang='lat' dir='ltr'><strong>potestatis</strong></span> <span class='ocrx_word' id='word_1_206' title='bbox 575 1476 729 1508; x_wconf 86' lang='lat' dir='ltr'><strong>supremae</strong></span> <span class='ocrx_word' id='word_1_207' title='bbox 755 1476 879 1496; x_wconf 86' lang='lat' dir='ltr'><strong>causam</strong></span> <span class='ocrx_word' id='word_1_208' title='bbox 907 1470 939 1496; x_wconf 87' lang='lat' dir='ltr'><strong>et</strong></span> <span class='ocrx_word' id='word_1_209' title='bbox 963 1465 1207 1495; x_wconf 82' lang='lat' dir='ltr'><strong>fundamentum</strong></span> <span class='ocrx_word' id='word_1_210' title='bbox 1222 1489 1230 1504; x_wconf 84' lang='lat'>‚</span> <span class='ocrx_word' id='word_1_211' title='bbox 1261 1466 1408 1507; x_wconf 80' lang='lat' dir='ltr'><strong>civesque</strong></span> <span class='ocrx_word' id='word_1_212' title='bbox 1431 1467 1615 1507; x_wconf 71' lang='lat' dir='ltr'><strong>potentioris</strong></span> 
     </span>
     <span class='ocr_line' id='line_1_24' title="bbox 300 1516 1612 1560; baseline 0 -12"><span class='ocrx_word' id='word_1_213' title='bbox 300 1517 469 1560; x_wconf 84' lang='lat' dir='ltr'><strong>cujuslibet</strong></span> <span class='ocrx_word' id='word_1_214' title='bbox 495 1519 643 1560; x_wconf 85' lang='lat' dir='ltr'><strong>imperio,</strong></span> <span class='ocrx_word' id='word_1_215' title='bbox 669 1517 915 1560; x_wconf 86' lang='lat' dir='ltr'><strong>quibuscunque</strong></span> <span class='ocrx_word' id='word_1_216' title='bbox 937 1517 1037 1547; x_wconf 88' lang='lat' dir='ltr'><strong>modis</strong></span> <span class='ocrx_word' id='word_1_217' title='bbox 1059 1523 1229 1559; x_wconf 72' lang='lat' dir='ltr'><strong>usurpato,</strong></span> <span class='ocrx_word' id='word_1_218' title='bbox 1252 1516 1407 1560; x_wconf 84' lang='lat' dir='ltr'><strong>subjicere</strong></span> <span class='ocrx_word' id='word_1_219' title='bbox 1430 1528 1463 1548; x_wconf 89' lang='lat' dir='ltr'><strong>se</strong></span> <span class='ocrx_word' id='word_1_220' title='bbox 1487 1517 1612 1548; x_wconf 79' lang='lat' dir='ltr'><strong>debere.</strong></span> 
     </span>
     <span class='ocr_line' id='line_1_25' title="bbox 299 1569 1614 1614; baseline 0.002 -15"><span class='ocrx_word' id='word_1_221' title='bbox 299 1570 381 1608; x_wconf 78' lang='lat' dir='ltr'><strong>Quae</strong></span> <span class='ocrx_word' id='word_1_222' title='bbox 401 1569 560 1609; x_wconf 82' lang='lat' dir='ltr'><strong>doctrina,</strong></span> <span class='ocrx_word' id='word_1_223' title='bbox 584 1582 684 1613; x_wconf 87' lang='lat' dir='ltr'><strong>quum</strong></span> <span class='ocrx_word' id='word_1_224' title='bbox 707 1581 799 1601; x_wconf 89' lang='lat' dir='ltr'><strong>omne</strong></span> <span class='ocrx_word' id='word_1_225' title='bbox 818 1570 894 1614; x_wconf 78' lang='lat' dir='ltr'><strong>justi</strong></span> <span class='ocrx_word' id='word_1_226' title='bbox 918 1576 950 1601; x_wconf 79' lang='lat' dir='ltr'><strong>et</strong></span> <span class='ocrx_word' id='word_1_227' title='bbox 971 1570 1083 1613; x_wconf 85' lang='lat' dir='ltr'><strong>injusti</strong></span> <span class='ocrx_word' id='word_1_228' title='bbox 1101 1570 1227 1611; x_wconf 79' lang='lat' dir='ltr'><strong>imperii</strong></span> <span class='ocrx_word' id='word_1_229' title='bbox 1245 1569 1414 1600; x_wconf 75' lang='lat' dir='ltr'><strong>discrimen</strong></span> <span class='ocrx_word' id='word_1_230' title='bbox 1434 1569 1538 1609; x_wconf 85' lang='lat' dir='ltr'><strong>tollat,</strong></span> <span class='ocrx_word' id='word_1_231' title='bbox 1565 1571 1614 1601; x_wconf 80' lang='lat' dir='ltr'><strong>uti</strong></span> 
     </span>
     <span class='ocr_line' id='line_1_26' title="bbox 299 1621 1615 1666; baseline 0.002 -14"><span class='ocrx_word' id='word_1_232' title='bbox 299 1633 364 1652; x_wconf 81' lang='lat' dir='ltr'><strong>:non</strong></span> <span class='ocrx_word' id='word_1_233' title='bbox 393 1621 542 1653; x_wconf 84' lang='lat' dir='ltr'><strong>libentius</strong></span> <span class='ocrx_word' id='word_1_234' title='bbox 575 1623 693 1654; x_wconf 80' lang='lat' dir='ltr'><strong>Marco</strong></span> <span class='ocrx_word' id='word_1_235' title='bbox 726 1625 893 1660; x_wconf 79' lang='lat' dir='ltr'><strong>Aurelio,</strong></span> <span class='ocrx_word' id='word_1_236' title='bbox 927 1635 1022 1666; x_wconf 87' lang='lat' dir='ltr'><strong>quam</strong></span> <span class='ocrx_word' id='word_1_237' title='bbox 1050 1624 1197 1660; x_wconf 67' lang='lat' dir='ltr'><strong>Neroni,</strong></span> <span class='ocrx_word' id='word_1_238' title='bbox 1229 1623 1297 1665; x_wconf 86' lang='lat' dir='ltr'><strong>pari</strong></span> <span class='ocrx_word' id='word_1_239' title='bbox 1324 1622 1388 1653; x_wconf 81' lang='lat' dir='ltr'><strong>fide</strong></span> <span class='ocrx_word' id='word_1_240' title='bbox 1416 1623 1559 1653; x_wconf 68' lang='lat' dir='ltr'><strong>Attilae</strong></span> <span class='ocrx_word' id='word_1_241' title='bbox 1582 1629 1615 1654; x_wconf 70' lang='lat' dir='ltr'><strong>et</strong></span> 
     </span>
     <span class='ocr_line' id='line_1_27' title="bbox 306 1674 1615 1717; baseline 0 -13"><span class='ocrx_word' id='word_1_242' title='bbox 306 1674 482 1705; x_wconf 82' lang='lat' dir='ltr'><strong>Guilielmo</strong></span> <span class='ocrx_word' id='word_1_243' title='bbox 513 1681 622 1705; x_wconf 81' lang='lat' dir='ltr'><strong>nostro</strong></span> <span class='ocrx_word' id='word_1_244' title='bbox 649 1675 775 1706; x_wconf 81' lang='lat' dir='ltr'><strong>obedire</strong></span> <span class='ocrx_word' id='word_1_245' title='bbox 805 1687 861 1707; x_wconf 92' lang='lat' dir='ltr'><strong>nos</strong></span> <span class='ocrx_word' id='word_1_246' title='bbox 888 1675 996 1717; x_wconf 79' lang='lat' dir='ltr'><strong>jubet3</strong></span> <span class='ocrx_word' id='word_1_247' title='bbox 1031 1677 1072 1706; x_wconf 86' lang='lat' dir='ltr'><strong>ita</strong></span> <span class='ocrx_word' id='word_1_248' title='bbox 1101 1675 1211 1706; x_wconf 84' lang='lat' dir='ltr'><strong>eadem</strong></span> <span class='ocrx_word' id='word_1_249' title='bbox 1239 1685 1294 1705; x_wconf 89' lang='lat' dir='ltr'><strong>nos</strong></span> <span class='ocrx_word' id='word_1_250' title='bbox 1319 1676 1457 1713; x_wconf 77' lang='lat' dir='ltr'><strong>excitat,</strong></span> <span class='ocrx_word' id='word_1_251' title='bbox 1482 1681 1521 1705; x_wconf 76' lang='lat' dir='ltr'><strong>‘ut</strong></span> <span class='ocrx_word' id='word_1_252' title='bbox 1550 1685 1615 1705; x_wconf 82' lang='lat' dir='ltr'><strong>non</strong></span> 
     </span>
     <span class='ocr_line' id='line_1_28' title="bbox 300 1726 1616 1772; baseline 0.002 -16"><span class='ocrx_word' id='word_1_253' title='bbox 300 1726 406 1757; x_wconf 86' lang='lat' dir='ltr'><strong>minus</strong></span> <span class='ocrx_word' id='word_1_254' title='bbox 435 1726 484 1757; x_wconf 86' lang='lat' dir='ltr'><strong>his</strong></span> <span class='ocrx_word' id='word_1_255' title='bbox 510 1728 632 1769; x_wconf 80' lang='lat' dir='ltr'><strong>generis</strong></span> <span class='ocrx_word' id='word_1_256' title='bbox 661 1727 794 1758; x_wconf 76' lang='lat' dir='ltr'><strong>humani</strong></span> <span class='ocrx_word' id='word_1_257' title='bbox 820 1729 954 1768; x_wconf 81' lang='lat' dir='ltr'><strong>deliciis,</strong></span> <span class='ocrx_word' id='word_1_258' title='bbox 986 1738 1080 1772; x_wconf 81' lang='lat' dir='ltr'><strong>quam</strong></span> <span class='ocrx_word' id='word_1_259' title='bbox 1110 1729 1171 1759; x_wconf 78' lang='lat' dir='ltr'><strong>illis</strong></span> <span class='ocrx_word' id='word_1_260' title='bbox 1196 1728 1279 1759; x_wconf 73' lang='lat' dir='ltr'><strong>orbis</strong></span> <span class='ocrx_word' id='word_1_261' title='bbox 1301 1733 1459 1758; x_wconf 75' lang='lat' dir='ltr'><strong>terrarum</strong></span> <span class='ocrx_word' id='word_1_262' title='bbox 1485 1727 1616 1770; x_wconf 74' lang='lat' dir='ltr'><strong>flagellis</strong></span> 
     </span>
     <span class='ocr_line' id='line_1_29' title="bbox 299 1778 1614 1823; baseline 0.002 -15"><span class='ocrx_word' id='word_1_263' title='bbox 299 1778 478 1809; x_wconf 77' lang='lat' dir='ltr'><strong>resistamus</strong></span> <span class='ocrx_word' id='word_1_264' title='bbox 515 1784 546 1809; x_wconf 90' lang='lat' dir='ltr'><strong>et</strong></span> <span class='ocrx_word' id='word_1_265' title='bbox 575 1779 787 1811; x_wconf 77' lang='lat' dir='ltr'><strong>adversemur.</strong></span> <span class='ocrx_word' id='word_1_266' title='bbox 821 1781 947 1812; x_wconf 82' lang='lat' dir='ltr'><strong>Etenim</strong></span> <span class='ocrx_word' id='word_1_267' title='bbox 978 1783 1003 1812; x_wconf 91' lang='lat' dir='ltr'><strong>si</strong></span> <span class='ocrx_word' id='word_1_268' title='bbox 1032 1782 1083 1812; x_wconf 89' lang='lat' dir='ltr'><strong>hic</strong></span> <span class='ocrx_word' id='word_1_269' title='bbox 1111 1787 1157 1812; x_wconf 83' lang='lat' dir='ltr'><strong>est</strong></span> <span class='ocrx_word' id='word_1_270' title='bbox 1182 1786 1360 1823; x_wconf 58' lang='lat' dir='ltr'><strong>‘perpetuus</strong></span> <span class='ocrx_word' id='word_1_271' title='bbox 1383 1786 1416 1811; x_wconf 85' lang='lat' dir='ltr'><strong>et</strong></span> <span class='ocrx_word' id='word_1_272' title='bbox 1440 1791 1457 1811; x_wconf 85' lang='lat' dir='ltr'><strong>a</strong></span> <span class='ocrx_word' id='word_1_273' title='bbox 1483 1780 1614 1811; x_wconf 82' lang='lat' dir='ltr'><strong>Summo</strong></span> 
     </span>
     <span class='ocr_line' id='line_1_30' title="bbox 298 1830 1612 1876; baseline 0.003 -16"><span class='ocrx_word' id='word_1_274' title='bbox 298 1830 437 1861; x_wconf 87' lang='lat' dir='ltr'><strong>Numine</strong></span> <span class='ocrx_word' id='word_1_275' title='bbox 459 1832 646 1862; x_wconf 85' lang='lat' dir='ltr'><strong>constitutus</strong></span> <span class='ocrx_word' id='word_1_276' title='bbox 665 1832 758 1873; x_wconf 78' lang='lat' dir='ltr'><strong>ordo,</strong></span> <span class='ocrx_word' id='word_1_277' title='bbox 782 1839 819 1864; x_wconf 88' lang='lat' dir='ltr'><strong>ut</strong></span> <span class='ocrx_word' id='word_1_278' title='bbox 837 1835 1072 1876; x_wconf 86' lang='lat' dir='ltr'><strong>potentissimus</strong></span> <span class='ocrx_word' id='word_1_279' title='bbox 1090 1835 1225 1876; x_wconf 84' lang='lat' dir='ltr'><strong>quisque</strong></span> <span class='ocrx_word' id='word_1_280' title='bbox 1243 1834 1399 1875; x_wconf 80' lang='lat' dir='ltr'><strong>imperet3</strong></span> <span class='ocrx_word' id='word_1_281' title='bbox 1420 1833 1612 1864; x_wconf 80' lang='lat' dir='ltr'><strong>admittenda</strong></span> 
     </span>
     <span class='ocr_line' id='line_1_31' title="bbox 299 1884 1613 1928; baseline 0.002 -14"><span class='ocrx_word' id='word_1_282' title='bbox 299 1884 360 1914; x_wconf 86' lang='lat' dir='ltr'><strong>erit</strong></span> <span class='ocrx_word' id='word_1_283' title='bbox 385 1894 458 1914; x_wconf 86' lang='lat' dir='ltr'><strong>cum</strong></span> <span class='ocrx_word' id='word_1_284' title='bbox 486 1884 647 1921; x_wconf 80' lang='lat' dir='ltr'><strong>Hallero,</strong></span> <span class='ocrx_word' id='word_1_285' title='bbox 678 1897 741 1916; x_wconf 83' lang='lat' dir='ltr'><strong>non</strong></span> <span class='ocrx_word' id='word_1_286' title='bbox 770 1886 999 1928; x_wconf 83' lang='lat' dir='ltr'><strong>vituperanda,</strong></span> <span class='ocrx_word' id='word_1_287' title='bbox 1027 1887 1170 1917; x_wconf 85' lang='lat' dir='ltr'><strong>omnium</strong></span> <span class='ocrx_word' id='word_1_288' title='bbox 1195 1886 1235 1917; x_wconf 88' lang='lat' dir='ltr'><strong>ad</strong></span> <span class='ocrx_word' id='word_1_289' title='bbox 1257 1896 1414 1917; x_wconf 82' lang='lat' dir='ltr'><strong>summam</strong></span> <span class='ocrx_word' id='word_1_290' title='bbox 1439 1886 1613 1927; x_wconf 67' lang='lat' dir='ltr'><strong>potentiam</strong></span> 
     </span>
     <span class='ocr_line' id='line_1_32' title="bbox 305 1936 1612 1982; baseline 0.004 -16"><span class='ocrx_word' id='word_1_291' title='bbox 305 1936 555 1978; x_wconf 83' lang='lat' dir='ltr'><strong>consequendam</strong></span> <span class='ocrx_word' id='word_1_292' title='bbox 584 1937 757 1975; x_wconf 78' lang='lat' dir='ltr'><strong>aemulatio,</strong></span> <span class='ocrx_word' id='word_1_293' title='bbox 782 1949 888 1981; x_wconf 84' lang='lat' dir='ltr'><strong>neque</strong></span> <span class='ocrx_word' id='word_1_294' title='bbox 915 1940 1069 1982; x_wconf 91' lang='lat' dir='ltr'><strong>puniendi</strong></span> <span class='ocrx_word' id='word_1_295' title='bbox 1094 1945 1182 1978; x_wconf 84' lang='lat' dir='ltr'><strong>sunt,</strong></span> <span class='ocrx_word' id='word_1_296' title='bbox 1203 1939 1264 1981; x_wconf 85' lang='lat' dir='ltr'><strong>qui</strong></span> <span class='ocrx_word' id='word_1_297' title='bbox 1288 1939 1482 1970; x_wconf 80' lang='lat' dir='ltr'><strong>auctoritatis</strong></span> <span class='ocrx_word' id='word_1_298' title='bbox 1505 1939 1612 1981; x_wconf 61' lang='lat' dir='ltr'><strong>&gt;Regiae</strong></span> 
     </span>
     <span class='ocr_line' id='line_1_33' title="bbox 301 1988 1612 2034; baseline 0.003 -16"><span class='ocrx_word' id='word_1_299' title='bbox 301 1988 464 2031; x_wconf 78' lang='lat' dir='ltr'><strong>fastigium</strong></span> <span class='ocrx_word' id='word_1_300' title='bbox 484 1989 616 2019; x_wconf 88' lang='lat' dir='ltr'><strong>audaces</strong></span> <span class='ocrx_word' id='word_1_301' title='bbox 635 1989 797 2030; x_wconf 85' lang='lat' dir='ltr'><strong>affectan·t;</strong></span> <span class='ocrx_word' id='word_1_302' title='bbox 824 2002 914 2031; x_wconf 76' lang='lat' dir='ltr'><strong>nam,</strong></span> <span class='ocrx_word' id='word_1_303' title='bbox 936 1993 960 2022; x_wconf 88' lang='lat' dir='ltr'><strong>si</strong></span> <span class='ocrx_word' id='word_1_304' title='bbox 983 1991 1075 2022; x_wconf 90' lang='lat' dir='ltr'><strong>modo</strong></span> <span class='ocrx_word' id='word_1_305' title='bbox 1094 1992 1276 2034; x_wconf 78' lang='lat' dir='ltr'><strong>imperantis</strong></span> <span class='ocrx_word' id='word_1_306' title='bbox 1300 1991 1473 2034; x_wconf 82' lang='lat' dir='ltr'><strong>potentiam</strong></span> <span class='ocrx_word' id='word_1_307' title='bbox 1492 1990 1612 2024; x_wconf 67' lang='lat' dir='ltr'><strong>viribus</strong></span> 
     </span>
     <span class='ocr_line' id='line_1_34' title="bbox 304 2040 1609 2086; baseline 0.002 -15"><span class='ocrx_word' id='word_1_308' title='bbox 304 2041 366 2072; x_wconf 84' lang='lat' dir='ltr'><strong>suis</strong></span> <span class='ocrx_word' id='word_1_309' title='bbox 382 2042 615 2083; x_wconf 77' lang='lat' dir='ltr'><strong>superaverint,</strong></span> <span class='ocrx_word' id='word_1_310' title='bbox 636 2040 716 2084; x_wconf 85' lang='lat' dir='ltr'><strong>juste</strong></span> <span class='ocrx_word' id='word_1_311' title='bbox 734 2043 936 2085; x_wconf 73' lang='lat' dir='ltr'><strong>impera-bunt</strong></span> <span class='ocrx_word' id='word_1_312' title='bbox 946 2044 969 2074; x_wconf 79' lang='grc' dir='ltr'>Η</span> <span class='ocrx_word' id='word_1_313' title='bbox 988 2045 1065 2086; x_wconf 83' lang='lat' dir='ltr'><strong>Legi</strong></span> <span class='ocrx_word' id='word_1_314' title='bbox 1081 2050 1188 2076; x_wconf 87' lang='lat' dir='ltr'><strong>autem</strong></span> <span class='ocrx_word' id='word_1_315' title='bbox 1206 2049 1329 2075; x_wconf 85' lang='lat' dir='ltr'><strong>naturae</strong></span> <span class='ocrx_word' id='word_1_316' title='bbox 1343 2054 1462 2075; x_wconf 76' lang='lat' dir='ltr'><strong>morem</strong></span> <span class='ocrx_word' id='word_1_317' title='bbox 1477 2049 1609 2085; x_wconf 75' lang='lat' dir='ltr'><strong>gerunt,</strong></span> 
     </span>
    </p>
   </div>
  </div>
 </body>
</html>
