1747 2620
716 252 730 294 (
749 251 789 283 15
813 252 830 293 )

108 331 198 371 Quid
226 330 288 375 jam
321 331 451 372 insuper
480 336 693 359 memoremus
719 324 883 363 Hebraeos,
918 323 1071 366 Scythas,
1102 323 1260 363 Thraces,
1293 323 1429 362 Arabes,

107 385 234 423 Persas,
257 384 403 422 Graecos,
428 382 599 420 Romanos,
626 379 817 416 GermanOS‚
842 377 1011 408 Britannos
1039 377 1178 419 aliasque
1206 388 1243 407 ex
1268 376 1431 419 antiquis?

107 436 218 468 Notior
238 447 288 467 res
309 441 356 466 est
376 441 409 466 et
430 434 539 466 multis
559 433 724 464 doctorum
748 431 934 462 testimoniis
955 431 1154 469 confirmata,
1178 441 1274 472 quam
1296 435 1333 460 ut
1360 428 1433 459 lon—

108 490 179 532 gius
198 488 232 519 in
253 499 288 519 ea
309 488 487 518 haereamus
500 486 558 528 (1).
584 485 698 527 Neque
719 484 758 516 de
779 483 1008 515 recentioribus
1024 482 1221 522 nationibus,
1241 486 1433 525 praesentem

108 541 191 572 hane
220 546 359 571 nostram
389 540 550 581 Europam
588 537 822 577 incolentibus,
860 536 1037 579 quidquam
1068 536 1219 567 disserere
1254 545 1333 577 opus
1361 539 1432 571 est,

107 594 227 637 quippe
253 592 339 635 apud
365 603 442 634 quas
464 592 518 622 illa
543 591 583 623 de
613 592 794 622 animorum
822 589 1059 621 immortalitate
1086 589 1241 620 sententia
1269 587 1366 629 vulgo
1394 587 1434 617 sit

110 652 249 689 recepta.
276 645 338 677 Sed
357 656 398 676 ne
419 650 532 676 ceterae
553 644 684 687 quidem
704 648 814 686 gentes
828 643 862 672 in
882 642 949 672 aliis
969 641 1066 684 hujus
1085 647 1242 672 terrarum
1258 635 1340 671 orbis
1358 650 1435 681 par-

107 700 209 739 tibus,
235 700 302 732 sive
324 698 514 730 densissimis
539 697 644 728 adhuc
667 695 898 738 superstitionis
923 700 955 725 et
973 695 1106 724 inscitiae
1130 692 1269 724 tenebris
1294 693 1434 722 circum-

107 752 241 792 volutae,
262 752 328 784 sive
349 752 382 782 in
402 751 539 782 maxima
559 749 702 780 barbarie
721 754 753 779 et
771 747 1006 778 inhumanitate
1026 746 1192 789 degentes,
1211 746 1360 788 opinione
1379 744 1434 774 illa

107 805 255 837 omnibus
277 805 441 836 communi
464 809 496 834 et
514 814 570 845 spe
592 803 665 834 vitae
688 801 808 833 futurae
829 800 988 831 destitutae
1009 805 1094 831 sunt.
1126 799 1243 838 Multa,
1269 808 1342 840 quae
1368 797 1434 828 huc

107 858 247 898 faciunt,
273 857 472 900 collegerunt
495 856 637 887 historici
662 861 695 886 et
714 855 867 886 itinerum
893 854 1069 896 scriptores.
1095 853 1145 883 Ex
1169 852 1346 883 innumeris
1366 850 1435 881 aliis

107 922 212 942 unum
239 910 424 952 exemplum
454 908 595 940 attulisse
629 907 773 938 sufficiat.
821 907 867 936 Ita
906 906 945 936 de
974 905 1107 937 rudibus
1141 905 1296 935 Americae
1323 902 1435 934 incolis

107 963 208 994 refert
233 961 474 993 Rbbertsonizcs
499 961 564 1003 (2):
605 960 744 991 »Variae
771 958 815 989 ibi
842 958 1049 1000 reperiuntur
1074 963 1204 1000 gentes,
1234 967 1371 999 quorum
1399 956 1434 986 in

110 1015 271 1047 mentibus
299 1014 388 1046 nulla
418 1015 548 1045 omnino
578 1014 694 1045 summi
727 1012 877 1044 Numinis
908 1011 994 1041 notio
1020 1010 1122 1049 inest,
1158 1010 1294 1051 ideoque
1329 1008 1435 1039 nullos

109 1068 229 1100 habent
250 1069 330 1099 ritus
351 1078 472 1105 sacros,
499 1066 686 1108 religionem
711 1064 850 1103 nullam3
876 1063 930 1094 sed
953 1065 1020 1094 sine
1048 1063 1166 1095 divinae
1187 1062 1352 1105 cujusdam
1374 1072 1435 1092 na-

109 1127 189 1152 turae
213 1120 393 1161 cognitione
418 1118 469 1150 vel
492 1117 584 1148 cultu
606 1123 644 1149 ut
664 1116 758 1147 bruta
779 1117 877 1148 vitam
905 1115 1037 1157 degunt.
1074 1115 1163 1153 Quin
1187 1115 1281 1145 etiam
1304 1124 1433 1152 vocem,

107 1184 169 1215 qua
186 1182 302 1202 nomen
324 1171 470 1202 divinum
490 1170 686 1213 significent,
708 1180 818 1200 earum
840 1168 949 1211 lingua
968 1169 1103 1211 ignorat.
1133 1168 1256 1198 Verum
1277 1173 1384 1197 tamen
1400 1167 1434 1197 in

106 1225 306 1268 singulorum
328 1224 619 1265 universorumque
644 1222 805 1253 mentibus
825 1222 1015 1251 sententiam
1035 1221 1074 1251 de
1096 1221 1158 1252 vita
1180 1226 1249 1261 post
1269 1220 1352 1250 hanc
1377 1219 1434 1250 fu·-

106 1284 179 1310 tura
208 1277 271 1308 alte
298 1287 364 1307 esse
388 1276 541 1314 defixam,
567 1275 606 1305 ab
628 1286 692 1305 una
713 1279 803 1316 parte
832 1269 987 1304 Americae
1009 1273 1049 1304 ad
1072 1273 1202 1303 alteram
1224 1272 1312 1302 haud
1336 1271 1433 1302 dubia

106 1331 229 1373 ubique
248 1335 403 1372 apparent
423 1329 565 1370 vestigia.
592 1328 629 1358 In
651 1327 719 1358 aliis
740 1327 846 1357 haecce
864 1326 941 1356 fides
961 1326 1115 1356 infirmior
1134 1331 1180 1356 est
1201 1330 1298 1367 atque
1318 1324 1433 1355 obscu-

106 1385 188 1423 rior,
218 1383 359 1414 tenacior
382 1387 478 1423 atque
504 1381 614 1423 purior
639 1381 673 1410 in
698 1379 782 1418 aliis,
810 1379 916 1421 ignota
945 1384 1051 1409 tamen
1081 1378 1164 1409 nulli
1188 1384 1220 1409 et
1241 1376 1432 1420 nusquam.''

105 1437 203 1469 Plura
219 1435 364 1478 exempla
386 1434 573 1466 adtulerunt
595 1433 636 1464 de
654 1432 854 1471 Sineusibus,
876 1432 1129 1474 Japonensibus,
1147 1430 1432 1470 ArracanensibUS,

108 1487 477 1527 Cochin—Chinensibus,
493 1487 579 1518 Indis
600 1485 762 1523 omnibus,
787 1485 821 1515 in
842 1485 930 1525 Asia3
947 1484 986 1515 de
1002 1485 1055 1522 iis,
1077 1485 1132 1527 qui
1147 1484 1326 1515 Socotoram
1341 1485 1433 1514 insu—

107 1543 170 1574 lam
191 1542 351 1580 habitant,
373 1542 414 1572 de
433 1541 568 1572 Guineae
586 1539 713 1578 incolis,
736 1538 777 1569 de
795 1538 915 1580 Nigris,
939 1538 974 1568 in
989 1537 1113 1577 Africa,
1136 1537 1177 1568 de
1190 1535 1432 1567 Brasiliensibus

109 1601 141 1627 et
159 1595 347 1633 Mexicanis,
361 1593 494 1625 Floridae
515 1593 680 1636 gentibus,
701 1591 894 1635 Apalachitis
914 1597 946 1622 et
965 1590 1200 1622 Canadensibus
1218 1590 1252 1620 in
1267 1589 1429 1627 America3

107 1648 223 1688 verbo,
247 1658 357 1679 omnes
376 1658 448 1690 quae
468 1647 502 1677 in
522 1646 610 1677 hunc
630 1656 733 1688 usque
752 1645 837 1676 diem
856 1645 990 1687 cognitae
1013 1650 1088 1676 sunt
1110 1649 1235 1686 gentes,
1261 1642 1341 1684 quin
1358 1643 1431 1673 vitae

109 1701 228 1733 futurae
251 1700 396 1731 notitiam
419 1705 568 1730 assecutae
594 1699 657 1730 sint
681 1700 716 1730 in
740 1698 875 1730 dubium
900 1709 1013 1730 vocare
1038 1709 1102 1728 non
1129 1698 1239 1727 sinunt
1262 1696 1430 1726 hominum

108 1754 170 1785 fide
198 1754 368 1797 dignorum
394 1753 572 1784 testimonia
596 1753 653 1796 (3).
692 1753 843 1784 Ceterum
876 1763 950 1783 cum
980 1751 1099 1782 eaedem
1128 1750 1190 1781 illae
1219 1749 1364 1780 nationes
1396 1749 1430 1778 in

168 1855 201 1883 (1)
217 1854 257 1877 Cf.
274 1854 373 1877 Grotius
387 1854 415 1877 de
430 1854 532 1877 veritate
548 1853 605 1877 Rel.
625 1853 736 1880 christ„
749 1854 796 1876 tib.
813 1855 837 1877 1.
856 1862 881 1877 e.
896 1861 937 1875 22.
968 1852 1151 1877 Warburtouus
1172 1849 1304 1879 Episcopus
1323 1848 1348 1871 in
1367 1847 1430 1870 libro

108 1893 240 1924 singulari:
260 1893 312 1916 The
326 1893 409 1916 divine
425 1894 530 1924 legation
549 1893 577 1916 of
592 1893 681 1916 Moses.
703 1894 801 1921 Lond.,
821 1895 890 1922 1732.
910 1894 985 1916 Tom.
1005 1894 1028 1914 Ι.
1047 1891 1093 1914 lib.
1111 1891 1147 1913 11.
1167 1893 1227 1912 sect.
1246 1897 1271 1912 ι.

167 1933 211 1962 (2)
227 1932 373 1960 Roberison,
396 1933 529 1963 geschichte
548 1940 596 1955 von
614 1933 738 1961 Amenica,
756 1941 813 1964 pag.
835 1933 880 1955 442
897 1936 921 1954 et
936 1932 990 1954 450.

167 1974 210 2000 (3)
227 1972 265 1995 Cf.
282 1972 428 1994 Storeheuau
445 1972 556 2002 psychol.
575 1972 589 2002 §
607 1972 659 1995 248.
682 1973 757 1995 schol.
777 1980 845 1995 num.
867 1979 887 1993 ι.
908 1971 929 1994 J.
949 1970 975 1993 F.
997 1968 1127 1997 Haeseler,
1146 1967 1225 1991 Julius
1242 1967 1301 1990 oder
1320 1974 1369 1991 von
1387 1966 1428 1988 der

107 2011 308 2035 unsterblichkeit
322 2012 364 2034 der
377 2012 449 2040 seete,
464 2019 519 2042 pag.
538 2019 575 2042 79.
595 2011 721 2034 Banierins
734 2011 780 2035 vir.
796 2011 843 2038 el..
865 2009 974 2033 Histoire
986 2008 1095 2040 generale
1115 2008 1156 2031 des
1172 2007 1328 2035 eaehvlmonies,
1343 2012 1431 2029 moeurs

107 2056 130 2074 ει
147 2056 271 2074 coutumes
288 2050 424 2081 religieuses
437 2050 466 2073 de
486 2055 539 2073 tuus
556 2050 591 2073 les
606 2051 704 2081 peuples
722 2051 756 2073 du
774 2050 877 2078 monde,
900 2053 959 2073 tom.
976 2049 998 2071 5⁴
1028 2048 1054 2071 G.
1072 2048 1190 2076 Meinas,
1211 2047 1352 2071 Geschichte
1368 2045 1427 2069 aller

105 2091 239 2123 religionen
253 2096 309 2115 sect.
333 2090 384 2114 284.
400 2091 494 2114 Hetder
512 2090 538 2113 in
558 2090 605 2114 den
625 2091 700 2114 ldee'n
713 2098 756 2114 zur
768 2090 904 2122 geschichte
920 2089 961 2112 der
979 2087 1145 2116 meuschhem
1160 2086 1213 2110 alii.
