1747 2620
710 252 825 295 (59)

107 322 195 355 adest
226 323 408 366 periculum
440 323 605 355 occidendi
636 331 841 368 aegrotantem
863 326 929 370 (¹1):
966 340 1003 360 ex
1033 341 1069 361 eo
1098 338 1229 373 apparet
1259 345 1354 376 quam
1388 337 1442 368 fu-

108 384 195 409 nesta
218 379 257 409 sit
277 378 387 409 talium
411 378 616 409 affectionum
638 382 801 422 prognosis
820 381 944 413 lethum
965 394 1091 426 semper
1111 386 1315 427 portendens.
1342 390 1442 422 Paulo

107 438 198 463 antea
218 432 357 463 diximus
373 444 462 474 posse
480 433 639 464 vertebras
654 433 758 465 luxari
775 435 806 465 in
827 436 892 477 ipsa
914 438 1044 479 regione
1064 438 1219 479 lumbari,
1240 441 1375 485 hujusce
1396 446 1442 476 rei

106 486 139 516 in
161 485 256 516 fidem
273 485 448 517 observatio
464 497 599 528 sequens
615 487 757 530 probabit
776 488 833 530 (2).
860 501 877 519 )>
894 490 1015 533 Opifex
1032 493 1080 523 vir
1093 494 1236 536 juvenis,
1252 496 1336 527 inter
1355 497 1444 529 labo—

108 539 279 571 »randum
300 551 414 582 corpus
432 546 612 572 anti-orsum
635 542 790 573 inflexum
808 543 943 584 habens,
963 546 995 576 in
1020 546 1149 579 dorsum
1169 551 1290 593 recepit
1311 563 1441 584 massam

108 604 125 624 2)
145 599 252 632 terrae,
287 594 350 635 quai
372 593 409 624 ad
440 601 582 626 ventrem
605 608 708 639 usque
733 597 798 628 fuit
823 598 977 639 obrutus,
1008 601 1041 631 in
1068 605 1247 635 nosocomio
1274 605 1444 638 translatus

107 658 127 677 )>
142 647 221 686 suit,
249 648 505 680 extremitatibus
529 650 754 690 inferioribus,
783 652 886 683 vesica
912 659 944 683 et
969 660 1055 685 recto
1078 657 1212 699 paralysi
1238 658 1378 699 affectis;
1410 661 1443 692 in

106 712 126 732 ))
141 701 297 743 superiori
319 703 456 744 regionis
477 703 631 734 lumbaris
653 711 743 746 parte
764 711 872 737 tumor
890 706 1003 750 ingens
1027 710 1330 744 animadvertendus
1355 721 1441 755 erat3

106 766 125 785 ³)
140 755 298 786 incassum
321 755 471 788 adhibitis
493 758 640 788 omnibus
661 759 829 800 remediis,
857 760 980 793 decima
1002 763 1088 794 sext-21
1107 764 1158 795 die
1180 765 1268 800 obiit.
1301 767 1443 800 Cadaver

105 820 124 840 >³
140 808 210 853 ejus
230 816 351 841 sectum
376 810 606 843 demonstravit
624 814 760 855 primani
784 815 963 846 vertebram
984 816 1162 849 lumbarem
1180 819 1219 850 ab
1237 820 1350 852 ultima
1369 822 1444 854 dor-

105 874 123 894 »
139 863 196 895 sali
216 864 341 906 integre
365 866 544 905 secessisse,
570 866 659 898 nulla
682 868 838 900 existente
859 870 893 900 in
910 881 975 900 osse
998 870 1157 910 fractura3
1177 873 1216 904 ad
1237 873 1442 908 altitudinem

104 927 123 947 ))
139 916 312 948 laxationis
332 917 482 949 medullae
505 918 699 951 membranae
716 923 872 964 sanguine
892 923 1065 955 admodum
1082 926 1207 968 injectae
1226 935 1334 969 erant,
1356 929 1444 962 haec—

105 981 204 1013 »que
228 971 295 1013 ipsa
317 971 458 1002 medulla
478 973 568 1015 nigra
585 980 654 1005 erat
672 980 704 1005 et
725 977 814 1018 quasi
835 977 984 1019 sphacelo
1005 980 1182 1022 correpta.'⁷
1208 981 1276 1012 Hoc
1296 984 1443 1027 exemplo

103 1022 211 1054 lucide
230 1035 320 1055 nunc
337 1030 441 1067 patet,
463 1037 553 1068 posse
576 1027 736 1059 vertebras
755 1029 787 1059 in
805 1032 952 1072 portione
972 1033 1130 1065 columnae
1151 1035 1337 1068 vertebralis
1354 1037 1443 1070 lum-

102 1075 171 1107 bari
191 1076 272 1108 affici
292 1077 457 1109 laxatione
482 1085 617 1111 mortem
639 1081 819 1123 producere
840 1084 970 1116 valenti.

147 1129 179 1160 Si
200 1141 289 1161 nunc
305 1132 411 1161 onmia
428 1132 644 1175 recolligimus
663 1146 735 1178 quae
752 1136 791 1167 de
810 1136 1030 1171 luxationibus
1048 1138 1270 1174 vertebrarum
1287 1143 1443 1186 diximus,

102 1194 271 1226 possumus
287 1195 361 1216 cum
378 1184 503 1217 Bohnio
520 1194 708 1230 sequentem
727 1189 965 1223 conclusionem
983 1194 1129 1235 proferre
1150 1195 1211 1237 (3):
1235 1208 1300 1227 non
1316 1203 1442 1231 tantum

103 1236 259 1269 vertebrae
280 1238 352 1269 colli
374 1238 492 1271 luxatae
515 1247 650 1272 mortem
672 1243 837 1283 inferunt,
857 1245 897 1275 ob
913 1257 1027 1277 nervos
1046 1249 1246 1290 respirationi
1262 1257 1317 1282 aut
1333 1252 1443 1295 pulsui

104 1290 206 1322 cordis
227 1291 437 1324 inservientes
453 1300 641 1334 coarctatos,
664 1295 719 1326 sed
740 1296 822 1328 dorsi
844 1309 990 1342 quoque,
1013 1301 1077 1331 imo
1094 1307 1126 1332 et
1142 1301 1327 1335 lumborum
1344 1316 1443 1348 supe—

103 1346 218 1386 riores,
240 1346 400 1389 siquidem
422 1348 614 1388 ventriculi,
639 1350 865 1383 intestinorum
891 1359 923 1384 et
944 1354 1093 1386 urinariae
1114 1356 1226 1388 vesicae
1249 1359 1443 1402 contingunt

103 1400 219 1443 spasmi
234 1401 429 1432 enormiores
444 1407 476 1432 et
494 1401 534 1433 ob
549 1402 717 1435 cerebrum
735 1405 768 1436 in
789 1417 982 1439 concensum
1004 1415 1131 1452 raptum
1147 1410 1204 1453 (4).
1229 1411 1311 1443 Cum
1328 1413 1441 1446 eodem

102 1452 229 1484 Bohnio
250 1459 283 1484 et
302 1465 376 1485 cum
399 1455 468 1486 aliis
486 1468 655 1499 possumus
672 1458 825 1502 adjicere:
850 1460 1049 1494 luxationem
1072 1465 1170 1496 unius
1191 1465 1345 1498 vertebrae
1368 1467 1442 1511 plus

103 1518 219 1538 nocere
244 1519 341 1551 quam
364 1508 508 1552 plurium
531 1511 643 1552 simul,
673 1513 795 1556 quippe
814 1516 906 1557 quia,
932 1516 957 1547 si
978 1517 1073 1548 unica
1098 1523 1224 1550 tantum
1251 1519 1441 1563 dislocetur‚

105 1560 247 1592 medulla
267 1562 395 1604 spinalis
415 1564 450 1595 in
470 1570 602 1597 acutum
623 1567 724 1610 magis
744 1568 900 1610 angulum
921 1576 1077 1602 coarctata
1099 1571 1251 1617 majorem
1278 1586 1442 1618 compres—

105 1614 226 1646 sionem
246 1616 428 1658 experitur3
449 1618 475 1648 si
497 1629 571 1650 vero
594 1620 703 1662 plures
722 1620 878 1653 luxantur
904 1624 1072 1665 vertebrae,
1099 1626 1238 1669 angulus
1261 1627 1316 1659 ille
1341 1628 1442 1673 major

105 1674 152 1700 est
169 1675 202 1700 et
218 1669 352 1712 proinde
372 1671 476 1703 minor
493 1678 572 1705 tunc
586 1674 709 1706 accedit
726 1677 933 1720 compressi03
952 1678 1112 1722 quidquid
1129 1679 1210 1711 illud
1228 1680 1360 1714 demum
1378 1689 1440 1724 est,

105 1722 182 1755 levis
205 1723 273 1754 haec
295 1730 342 1755 est
361 1724 541 1758 differentia
557 1734 589 1759 et
606 1729 658 1760 vix
680 1736 815 1762 mortem
837 1731 1031 1776 aufugiunt,
1056 1734 1112 1777 qui
1133 1740 1190 1766 aut
1210 1736 1360 1778 unicam,
1385 1743 1441 1770 aut

107 1775 214 1817 plures
235 1778 398 1811 vertebras
418 1779 544 1812 luxatas
566 1782 730 1815 exhibent.

153 1829 239 1870 Quid
254 1832 293 1864 de
311 1833 462 1866 medullae
478 1838 745 1871 commotionibus
765 1841 973 1875 statuendum
989 1843 1045 1883 sit,
1063 1854 1151 1874 nunc
1172 1844 1439 1887 perpendendum

110 1912 913 1933 Ἢ-

168 1965 213 1994 (ι)
229 1965 265 1989 De
282 1967 379 2000 Mussy,
396 1969 442 1993 lib.
461 1970 550 2003 laud.,
568 1980 627 2005 pag.
646 1975 687 1999 65.

168 2006 214 2036 (2)
259 2007 326 2037 lbid,
418 2011 495 2035 idem.
568 2022 628 2046 pag.
647 2016 690 2040 45.
750 2050 753 2052 ι

167 2046 212 2075 (5)
229 2047 349 2079 Bohnius,
369 2050 398 2075 de
413 2053 550 2077 renunciat.
568 2055 639 2079 vulu.
656 2056 715 2087 Pag.
732 2057 858 2080 225-226.

166 2085 212 2116 (4)
227 2086 396 2116 Dictionnaire
411 2092 452 2117 des
467 2093 557 2118 scienc.
575 2095 644 2120 me‘d.
653 2114 660 2127 ‚
678 2096 763 2120 article
782 2097 881 2122 moene.
