1747 2620
325 378 406 400 neus
429 365 555 398 nonnisi
576 370 738 408 tamquam
763 362 940 407 peregrinae
963 361 1098 394 civitatis
1121 363 1223 394 socius
1255 361 1487 403 consideratum
1513 373 1577 406 quo
1603 373 1657 395 re-

325 427 436 464 spectu
458 432 521 451 non
542 419 669 462 proprie
691 419 756 461 ipsa
772 417 856 461 ejus,
883 423 919 448 ut
941 416 1057 459 privati
1077 422 1143 449 auh·
1153 416 1271 447 subditi
1296 427 1446 459 persona,
1470 416 1525 448 sed
1540 428 1655 460 corpus

324 476 405 508 illud
426 475 609 519 politicum⁷
635 474 673 503 ad
695 471 778 515 quod
802 471 957 513 pertinet,
981 470 1084 502 solum
1106 475 1278 512 spectatur.

366 560 420 590 111.
451 556 682 589 Dissertationis
703 560 811 586 autem
833 559 950 584 nostrae
973 559 1202 595 argumentum
1225 552 1263 584 ad
1282 555 1332 596 jus
1351 551 1519 594 publicum
1543 553 1654 596 Belgi-

322 625 414 652 cum,
443 612 581 650 scilicet,
605 621 679 641 cum
705 608 863 640 extraneis
883 607 1175 646 communicatum,
1201 607 1365 649 praecipue
1385 613 1528 649 spectare
1553 618 1591 638 ex
1616 618 1653 638 eo

322 667 483 705 emitum,
522 663 608 707 quod
634 663 750 695 versari
777 660 890 692 debeat
916 662 950 692 in
977 660 1175 704 exponendis
1204 660 1329 703 juribus
1359 666 1587 692 extraneorum
1619 661 1654 692 in

321 719 449 762 Belgio,
471 717 504 749 id
521 723 582 756 est,
600 717 634 747 in
651 714 815 758 republica
832 714 977 757 Belgica:
1000 725 1071 757 quae
1093 714 1187 747 verba
1204 726 1268 745 non
1283 714 1377 745 aliam
1396 715 1460 747 vim
1478 720 1535 746 aut
1552 716 1654 758 signi-

321 773 500 804 ficationem
522 781 587 813 prae
608 780 640 800 se
664 769 749 800 ferre
770 768 937 808 videntur,
966 779 1063 811 quam
1084 774 1121 800 ut
1146 768 1347 809 declaretur,
1375 775 1560 809 extraneos,
1587 780 1653 801 non

320 832 358 858 ut
378 826 516 869 privatos
536 823 618 855 nulli
634 823 768 865 imperio
783 827 946 865 parente8‚
968 827 1024 852 aut
1038 821 1098 853 sub
1113 821 1193 853 alius
1210 828 1336 854 tantum
1352 823 1488 855 civitatis
1502 823 1653 866 suprema

320 884 475 922 potestate
496 878 626 919 positos,
653 887 766 907 verum
790 882 954 919 tamquam
978 876 1024 915 ei,
1050 887 1122 918 quae
1146 877 1179 907 in
1200 876 1305 907 nostra
1328 878 1456 908 civitate
1480 878 1652 909 constituta

319 939 382 972 est,
407 931 586 963 auctoritati
606 929 742 972 publicae
759 929 933 971 subjectOS‚
959 929 1212 961 considerandos.
1235 930 1442 962 Manifestum
1463 937 1572 962 autem
1589 938 1651 971 est,

319 992 542 1017 extraneorum
558 982 626 1027 jura
644 982 704 1013 hoc
719 988 865 1025 respectu
881 983 1059 1025 explorata,
1077 984 1216 1014 multum
1229 984 1381 1015 illustrari
1395 996 1499 1027 posse,
1517 986 1652 1028 cognitis

318 1038 442 1084 juribus
459 1039 512 1077 iis,
538 1048 609 1080 quae
630 1037 704 1078 ipsis
725 1042 781 1067 aut
803 1036 925 1067 ratione.
946 1037 1064 1079 genti5‚
1089 1035 1135 1067 ad'
1149 1047 1246 1079 quam
1267 1038 1447 1079 pertinent,
1470 1044 1526 1068 aut
1544 1048 1602 1079 per
1618 1048 1651 1068 se

317 1098 349 1124 et
372 1091 485 1123 natura
507 1090 563 1122 sua
584 1090 733 1121 adversus
753 1091 914 1122 civitatem
939 1095 1078 1121 nostram
1100 1095 1305 1132 competunt,
1331 1101 1391 1120 nec
1413 1090 1499 1122 enirn
1525 1096 1651 1121 certum

317 1157 443 1189 semper
456 1151 518 1183 est,
540 1145 686 1187 quisnam
703 1143 812 1175 revera
834 1143 990 1187 cujusque
1010 1142 1161 1174 doctrinae
1188 1143 1346 1173 terminus
1367 1143 1426 1182 sit,
1451 1143 1576 1185 quoties
1595 1143 1649 1183 id,

317 1199 403 1243 quod
424 1198 666 1241 assignavimus,
692 1197 862 1228 discrimen
880 1197 919 1229 ad
940 1208 1036 1229 usum
1054 1196 1281 1240 applicandum
1302 1197 1404 1236 veuit,
1428 1207 1488 1227 nec
1507 1208 1577 1227 raro
1596 1208 1650 1228 ac-

317 1253 418 1292 cedit,
445 1253 539 1284 etiam
564 1252 589 1281 si
613 1251 696 1282 illud
719 1252 926 1294 perspicuum
949 1252 989 1282 sit
998 1275 1007 1291 ,
1033 1257 1072 1282 ut
1097 1256 1203 1281 nostra
1228 1250 1371 1281 doctrina
1397 1250 1584 1281 alterutrius
1611 1261 1651 1282 ex

315 1307 446 1350 reliquis
464 1304 603 1337 subsidio
625 1310 727 1347 egeat.

358 1388 414 1420 IV.
449 1388 654 1430 Quopropter
675 1385 755 1431 jam,
782 1386 993 1418 determinato
1013 1387 1082 1419 loco
1107 1397 1205 1429 quem
1226 1386 1315 1426 haec,
1346 1387 1380 1418 in
1404 1386 1467 1430 qua
1493 1389 1649 1420 versaturi

314 1454 440 1483 sumus,
464 1443 596 1473 materia
617 1443 650 1473 in
671 1442 821 1475 universa
844 1441 983 1472 scientiae
1004 1440 1148 1484 juridicae
1168 1440 1316 1471 rationali
1341 1440 1545 1483 dispositione
1565 1441 1650 1472 obti-

312 1503 390 1537 net,
419 1497 603 1540 proximum
627 1502 691 1535 est,
716 1502 754 1527 ut
781 1495 924 1528 breviter
947 1506 1145 1538 exponamus
1168 1494 1248 1537 (nec
1272 1494 1358 1526 enim
1383 1495 1526 1537 copiam,
1551 1506 1649 1538 quam

313 1561 452 1594 possem,
478 1561 519 1581 ne
538 1550 643 1581 onmia
663 1549 874 1588 disserantur,
897 1548 1105 1592 persequar),
1127 1560 1251 1580 summa
1273 1547 1352 1592 juris
1372 1548 1493 1591 publici
1513 1549 1649 1581 univer-

313 1604 384 1635 salis
403 1603 441 1634 ad
464 1609 630 1634 extraneos
654 1603 744 1634 relati
765 1604 934 1646 principia.
960 1603 1088 1634 Etenim
1116 1614 1134 1633 ))
1149 1602 1220 1646 jura
1240 1613 1313 1645 quae
1335 1608 1453 1634 statum
1478 1602 1647 1645 publicum

313 1669 332 1688 ))
349 1668 628 1700 quarumcumque
646 1656 847 1700 rerumpubl.
866 1657 1026 1699 dirigunt,
1054 1656 1191 1699 duplicis
1206 1668 1272 1687 esse
1291 1658 1432 1699 generis,
1454 1657 1647 1687 universalia

314 1723 332 1742 ³)
349 1711 468 1741 scilicet
483 1716 515 1741 et
526 1710 728 1753 particularia
740 1734 748 1750 ‚
764 1710 807 1741 itii
826 1716 863 1741 ut
878 1710 947 1742 haec
964 1710 1095 1753 quidem
1107 1710 1265 1755 cujusque
1282 1710 1420 1753 reipubl.
1433 1711 1576 1753 propria,
1592 1709 1646 1740 illa

313 1776 332 1796 ))
348 1776 423 1798 vero
444 1764 591 1796 omnihus
613 1765 676 1795 siut
699 1766 898 1805 communia,
925 1764 1074 1797 omnibus
1094 1771 1206 1796 notum
1229 1770 1286 1796 est.
1317 1764 1429 1803 Quum
1449 1774 1524 1795 vero
1545 1763 1647 1806 parti-

313 1830 333 1849 ))
350 1818 468 1850 cularia
497 1824 623 1849 tantum
649 1817 883 1851 universalibus
912 1818 1116 1862 superaddita
1145 1819 1227 1858 sint,
1258 1817 1334 1848 inde
1359 1817 1464 1848 statim
1492 1822 1644 1859 apparet,

313 1871 597 1903 »fundamentum
616 1871 762 1902 omnium
784 1872 1015 1914 quaestionum,
1035 1883 1108 1915 quae
1128 1872 1194 1903 huc
1215 1876 1373 1915 spectant,
1395 1881 1434 1901 ex
1449 1870 1644 1910 universali,

314 1937 332 1956 ))
347 1925 381 1956 h.
404 1936 433 1956 e.
459 1924 530 1968 jure
553 1931 677 1957 naturae
702 1925 879 1968 petendum
899 1924 985 1956 esse''
1008 1924 1066 1966 (1).

357 1979 518 2018 Quoniam
540 1979 639 2021 igitur
659 1979 720 2010 hoc
741 1978 823 2010 duce
842 1979 944 2010 omnis
966 1978 1142 2010 dissertatio
1166 1977 1353 2022 explicanda
1372 1977 1461 2010 nobis
1480 1984 1543 2018 est,
1566 1989 1645 2009 con-

371 2110 415 2138 (1)
431 2108 563 2137 Bo‘ehmer‚
586 2109 677 2134 iutrod.
695 2108 721 2132 iu
738 2109 776 2139 jus
793 2109 860 2139 publ.
881 2111 1027 2134 universale.
1046 2110 1173 2134 Praesatio.
