1747 2620
740 247 855 289 (37)

131 332 194 358 tate
221 323 390 369 expresse,
422 334 534 355 rerum
562 332 693 353 suarum
721 320 828 351 sedem
853 321 887 351 in
918 318 1030 363 Belgio
1058 319 1281 358 constituerit,
1322 324 1378 350 aut
1407 317 1468 349 alio

132 390 326 423 quocunque
357 377 450 409 modo
474 376 625 421 juridicas
647 375 682 406 in
708 374 819 417 Belgio
844 373 896 406 vel
925 385 999 405 cum
1026 373 1133 416 Belgis
1157 372 1326 404 relationes
1351 371 1469 402 habere

131 440 251 477 potest,
281 432 426 463 omnium
452 430 575 474 jurium
597 428 742 461 civilium
767 438 861 459 usum
887 427 946 458 sibi
967 428 1130 460 vindicare
1154 433 1277 471 potest,
1311 438 1327 457 a
1353 425 1470 469 quibus

132 486 278 530 express&
302 485 412 528 legum
438 484 641 527 dispositione
664 482 814 514 exclusus
839 493 904 512 non
930 488 987 513 est.
1014 482 1120 525 Atque
1141 488 1220 513 tunc
1244 492 1393 523 quoque,
1415 479 1472 510 ubi

133 547 256 573 certum
283 540 333 584 jus
354 539 448 572 civile
468 538 572 582 Belgii
596 537 708 569 incolis
730 543 776 568 est
796 542 1011 576 reservatum,
1041 547 1078 567 eo
1104 536 1175 580 jure
1201 535 1363 579 peregrini
1389 545 1472 577 gau-

134 596 208 626 dere
235 594 416 637 incipiunt,
442 593 534 623 satim
560 598 656 634 atque
675 591 761 622 idem
786 590 837 634 jus
858 591 958 633 pactis
982 590 1119 633 publicis
1146 590 1180 620 in
1204 589 1332 620 civitate
1353 587 1407 618 illa
1431 587 1472 618 ad

133 659 228 691 quam
249 648 350 679 exteri
368 647 550 690 pertinent,
572 646 678 688 Belgis
699 656 883 676 concessum
902 650 965 683 est3
987 644 1055 674 Art.
1074 645 1126 673 11.
1147 642 1181 673 C.
1200 643 1254 681 C.;
1275 653 1472 685 quamquam

133 702 254 745 aliquot
270 701 348 745 juris
366 701 467 733 civilis
485 702 694 743 interpretes,
715 699 768 730 alii
787 699 950 737 latiorem,
969 698 1021 728 alii
1038 697 1228 728 strictiorem
1244 696 1322 727 huic
1338 694 1473 726 articulo

133 756 396 799 significationem
417 754 607 793 tribuerint3
636 763 774 796 quorum
798 751 831 782 hi
852 752 1061 794 peregrinum
1084 751 1118 781 in
1142 750 1254 792 Belgio
1280 749 1378 781 nullis
1405 748 1474 779 aliis

133 810 258 854 juribus
273 810 404 852 privatis
423 808 506 848 frui,
525 808 585 838 nisi
601 807 680 847 illis,
702 817 774 849 quae
791 806 889 848 paetis
905 805 1041 848 publicis
1056 805 1192 837 civitatis
1207 804 1293 835 illius
1312 803 1474 846 peregrini

133 864 240 907 Belgis
261 865 325 894 sint
345 863 483 903 tributa,
504 862 552 893 illi
570 873 644 895 vero
665 862 841 897 sustinent,
859 860 1044 903 peregrinos
1058 859 1092 889 in
1108 858 1218 901 Belgio
1238 858 1308 901 jura
1327 859 1421 889 etiam
1438 868 1474 888 ea

134 918 298 951 vindicare
319 917 378 948 sibi
401 928 509 960 posse,
532 927 620 958 quae,
644 915 761 945 exteris
782 915 958 956 generatim
975 913 1105 956 quidem
1122 912 1209 955 apud
1228 924 1285 943 nos
1301 912 1473 955 denegata,

134 972 260 1015 legibus
284 978 392 1002 tamen
412 973 446 1001 in
465 971 594 1002 civitate
616 969 745 1000 illorum
768 967 1235 1010 peregrinorumvigentibUS,
1261 978 1322 997 nec
1347 972 1475 998 tantum

135 1026 236 1067 pactis
258 1036 333 1056 cum
351 1023 388 1054 εὲι
409 1024 516 1064 initis,
543 1023 650 1065 Belgis
670 1034 817 1054 concessa
839 1028 930 1054 sunt..

180 1110 236 1140 VI.
268 1110 415 1152 Utraque
436 1120 516 1141 vero-
534 1110 690 1140 sententia
715 1122 735 1140 a
752 1121 828 1142 vero
849 1109 996 1140 aberrare
1014 1108 1104 1140 nobis
1124 1108 1263 1141 videtur.
1289 1108 1417 1139 Etenim
1439 1107 1477 1138 iis

134 1163 206 1194 solis
224 1162 356 1207 juribus
372 1163 544 1206 Belgarum
561 1163 713 1196 civilibus
730 1169 921 1195 extraneum
942 1164 990 1195 uti
1008 1175 1115 1207 posse,
1139 1175 1211 1206 quae
1230 1163 1264 1194 in
1286 1163 1414 1195 civitate
1436 1161 1478 1192 ad

134 1227 230 1260 quam
255 1217 323 1260 ipse
353 1217 511 1260 pertinet,
538 1216 646 1260 Belgis
667 1229 813 1249 concessa
838 1219 917 1258 sint,
949 1219 1082 1249 minime
1104 1218 1168 1249 fert
1190 1223 1249 1249 art.
1275 1219 1313 1247 11
1337 1217 1474 1255 citatus,

132 1270 208 1311 sed,
234 1270 293 1313 (ut
316 1277 403 1302 recte
429 1271 556 1302 monuit
579 1270 720 1314 inclytus
745 1271 861 1302 Merlin
887 1272 921 1301 in
950 1271 1208 1303 conclusionibus
1240 1282 1346 1302 coram
1379 1270 1477 1301 Curia

134 1324 218 1355 Cass.
245 1324 276 1355 d.
299 1325 341 1356 23
364 1324 470 1355 Martii
494 1325 581 1356 1810
601 1324 732 1364 habitis,
758 1335 837 1367 quas
862 1324 974 1355 retulit
997 1325 1030 1355 in
1056 1335 1152 1368 opere
1182 1336 1255 1364 suo,
1291 1325 1408 1364 Quest.
1436 1323 1477 1354 cle

134 1379 240 1416 droit,
268 1387 302 1412 v⁰
322 1379 497 1421 proprisit&
523 1380 588 1411 litt.
617 1379 639 1421 §2
658 1379 734 1421 2),
760 1379 792 1411 id
823 1385 949 1411 tantum
973 1379 1130 1418 affirmat,
1154 1378 1225 1423 jura
1248 1378 1355 1421 Belgis
1385 1383 1477 1420 pacto

134 1432 264 1476 publico
284 1433 319 1464 in
340 1432 449 1464 exter&
470 1433 598 1465 civitate
620 1445 783 1473 concessa,
805 1434 873 1477 ipso
894 1433 979 1465 facto
1002 1446 1076 1465 cum
1099 1434 1234 1465 civitatis
1253 1434 1348 1464 istius
1365 1432 1477 1463 incolis

134 1487 169 1519 fn
191 1487 303 1531 Belgio
323 1499 389 1520 esse
405 1488 653 1520 communicata.
675 1488 789 1532 Neque
804 1489 1110 1532 igiturrextraueum
1125 1488 1312 1518 nominatim
1332 1486 1478 1517 excludit

135 1554 152 1573 a
172 1541 244 1586 j'ure
262 1542 401 1585 quodam
422 1542 526 1582 civili,
548 1542 588 1573 ob
609 1542 642 1573 id
663 1542 766 1574 solum
783 1542 869 1586 quod
888 1542 995 1585 Belgae
1010 1542 1065 1573 illo
1086 1553 1150 1573 non
1170 1547 1309 1573 utuntur
1329 1541 1362 1572 in
1378 1541 1476 1584 ipsius

136 1596 280 1636 civitate,
304 1596 432 1639 quodve
453 1607 490 1628 eo
509 1596 641 1640 quidem
662 1603 814 1637 utantur,
838 1597 893 1628 sed
914 1596 993 1639 legis
1013 1596 1074 1627 loci
1096 1596 1231 1635 effectu,
1254 1607 1319 1626 non
1341 1596 1371 1627 vi
1392 1596 1477 1637 pacti

135 1648 275 1692 publici,
298 1649 338 1681 de
356 1661 393 1681 eo
414 1655 514 1690 tacet,
534 1656 567 1681 et
586 1650 712 1682 silentio
732 1662 790 1682 suo
806 1661 873 1682 sese
888 1650 1064 1681 necessario
1082 1650 1183 1681 refert
1200 1649 1244 1680 acl·
1254 1649 1340 1692 leges
1357 1655 1477 1680 nostras

118 1745 121 1749 .
138 1702 176 1733 de
195 1702 392 1746 uneqfflique
413 1702 536 1747 jurium
553 1703 699 1736 civilium
722 1705 828 1747 specie
846 1710 1058 1747 exponentes,
1080 1715 1217 1747 quarum
1233 1703 1354 1734 scilicet
1376 1703 1477 1734 bene-

139 1755 246 1789 ficium
267 1768 306 1788 ex
322 1758 557 1807 uniyei‘salibus
572 1759 737 1801 principiis
756 1759 810 1801 (n.
823 1759 862 1789 ΙΙ.
877 1757 975 1802 hujus
990 1759 1106 1801 partis)
1129 1757 1168 1788 ad
1180 1759 1365 1801 peregrinos
1380 1758 1475 1788 etiam

140 1810 299 1851 pertinere
316 1811 530 1844 decidendum
548 1818 610 1853 est,
633 1813 694 1843 nisi
709 1812 872 1856 peculiare
889 1812 942 1857 jus
957 1813 990 1843 in
1012 1812 1118 1856 specie
1133 1813 1171 1843 iis
1192 1818 1347 1843 statutum
1363 1811 1473 1843 fuerit.

183 1902 254 1934 VH.
289 1904 412 1937 Deinde
435 1906 522 1949 quod
541 1906 581 1938 ad
601 1907 671 1938 illos
691 1908 821 1946 attinet,
847 1907 903 1949 qui
922 1907 1019 1938 etiam
1040 1905 1165 1949 legibus
1186 1906 1321 1949 propriis
1341 1906 1475 1938 civitatis

138 1958 245 1997 istius,
272 1958 311 1989 ad
333 1970 428 2001 quam
444 1962 548 1992 ex'teri
567 1963 746 2004 pertinent,
771 1961 858 1993 haud
878 1972 968 1992 secus
989 1972 1025 1991 ac
1044 1960 1144 2003 pactis
1165 1960 1300 2003 publicis
1320 1971 1395 1992 eum
1417 1961 1477 1990 tri—

138 2010 246 2042 buunt
264 2012 433 2053 effectum,
456 2020 494 2045 ut
516 2015 627 2047 alienae
651 2017 758 2059 gentis
774 2016 936 2055 homines,
958 2014 1013 2059 jus>
1029 2015 1174 2058 aliquod,
1200 2014 1294 2060 cujus
1314 2015 1476 2058 peregrini

138 2066 315 2108 generatim
340 2065 431 2109 apud
451 2078 512 2098 nos
533 2069 704 2113 participes
725 2081 792 2102 non
815 2075 913 2111 sunt,
936 2069 1100 2102 vindicare
1123 2069 1187 2101 sibi,
1206 2076 1342 2113 queant,
1369 2071 1477 2101 statim
