1747 2620
820 232 935 275 (48)

214 310 298 343 istud
329 316 486 354 punctum
513 309 574 341 erit
599 313 747 340 centrum
772 305 990 337 similitudinis
1016 305 1167 345 inversae,
1192 304 1350 348 siquidem
1376 304 1551 336 circumfe—

215 366 343 405 rentiae,
369 376 409 396 ex
431 364 569 406 utrinque
591 368 681 406 parte
704 360 868 392 contactus
891 359 921 398 Ι,
947 364 1022 389 sunt
1043 359 1165 401 positae,
1195 364 1227 389 et
1249 363 1499 400 consequenter,
1526 359 1552 389 si

214 419 360 450 diametri
380 418 435 449 AB
453 423 485 448 et
500 416 575 447 A'ss'
595 417 658 446 sint
676 413 850 456 parallelae,
865 417 958 442 rectae
974 411 1039 443 AB'
1055 417 1086 443 et
1103 411 1168 443 A'B
1185 423 1256 455 quae
1271 417 1390 455 puncta
1407 411 1552 443 similiter

214 480 246 505 et
260 475 385 506 inverse
401 473 457 503 sita
472 471 500 502 A
513 476 545 502 et
560 469 608 509 B',
626 469 651 499 B
665 474 698 499 et
712 467 750 498 A'
765 466 923 510 jungunt,
946 465 1004 497 sibi
1024 466 1056 496 in
1073 472 1194 508 puncto
1209 466 1222 497 I
1237 476 1405 497 occurrere
1422 464 1549 497 debent.

671 601 944 633 THEOREMA
1010 601 1099 632 VII.

260 701 375 732 centra
397 697 614 730 similitudinis
633 696 760 727 directae
781 696 879 726 trium
898 694 1091 726 circulorum
1113 695 1145 725 in
1163 694 1275 726 eodem
1291 693 1386 737 plano
1402 694 1553 733 sitorum,

215 758 249 788 in
275 755 449 787 directione
474 751 639 784 rectilinea
666 750 799 789 sistunt,
828 755 861 781 et
886 748 1145 792 unumquodque
1172 760 1211 780 ex
1237 747 1300 779 illis
1327 759 1401 780 cum
1429 747 1555 779 duobus

217 810 333 841 centris
352 805 568 839 similitudinis
588 805 738 842 inversae,
759 805 793 834 in
816 803 975 834 directum
996 809 1071 834 sunt
1089 803 1199 846 posita.

260 864 330 894 Sint
349 862 424 904 (fig.
447 860 510 902 45)
531 860 558 890 D
581 865 613 890 et
632 858 661 897 Ι,
678 857 717 888 D'
734 863 765 889 et
782 857 817 897 1‘,
839 857 889 888 D''
905 863 937 888 et
953 856 988 887 I''
1001 863 1109 888 centra
1128 855 1345 887 similitudinis
1360 854 1556 886 circulorum

217 917 251 948 C'
271 922 303 948 et
323 915 381 952 C'',
406 913 452 945 C‘'
469 919 501 944 et
522 912 562 951 C,
590 911 625 942 C'
646 917 678 942 et
696 910 737 950 C,
763 917 795 942 et
815 909 1071 952 contemplemur
1092 916 1193 941 rectas
1219 909 1280 940 I'I''
1304 915 1336 941 et
1357 908 1467 940 D'D'':
1489 909 1557 939 istae

217 977 311 1003 rectae
332 975 408 1001 sunt
427 967 601 1009 liomologae
624 965 659 996 (Υ
680 971 712 997 et
730 965 787 1004 C'',
809 971 841 996 et
860 971 897 996 ut
919 964 996 995 tales
1018 964 1151 995 transire
1173 963 1292 994 debent
1310 962 1362 995 vel
1379 973 1437 1006 per
1453 962 1483 1001 Ι,
1504 961 1557 994 vel

217 1037 274 1067 per
293 1025 338 1055 D:
361 1023 449 1065 atqui
466 1021 596 1053 evidens
615 1026 661 1051 est
683 1025 832 1050 neutram
855 1019 937 1049 intra
963 1017 1098 1049 circulos
1118 1016 1153 1048 C'
1174 1022 1206 1048 et
1227 1015 1273 1046 C''
1293 1026 1384 1059 posse
1405 1015 1555 1053 transire3

217 1091 292 1122 ergo
313 1079 346 1109 in
371 1082 529 1120 punctum
552 1076 579 1105 D
600 1084 792 1105 concurrere
814 1072 933 1104 debent
952 1071 1009 1114 (*).
1039 1071 1118 1102 Inde
1143 1071 1290 1114 sequitur
1314 1074 1423 1101 centra
1444 1068 1559 1099 simili-

217 1132 338 1164 tudinis
365 1131 492 1161 directae
519 1129 565 1166 D,
582 1127 622 1158 D'
641 1133 673 1157 et
690 1126 740 1156 D''
765 1127 797 1156 in
820 1126 978 1155 directum
998 1123 1118 1167 jacere3
1147 1129 1180 1155 et
1202 1135 1306 1154 unum
1328 1121 1558 1165 quodcumque

218 1201 257 1221 ex
278 1187 394 1219 centris
407 1183 624 1216 similitudinis
645 1182 790 1220 directae,
811 1192 885 1212 cum
903 1179 1028 1211 duobus
1043 1179 1159 1209 centris
1173 1176 1391 1208 similitudinis
1407 1176 1557 1215 inversae,

218 1244 313 1274 etiam
342 1241 376 1271 in
403 1238 513 1270 eadem
542 1242 627 1268 recta
656 1235 808 1278 reperiri:
838 1233 888 1264 hae
915 1238 1009 1263 rectae
1033 1237 1190 1263 vocantur
1214 1242 1296 1261 axes
1321 1229 1559 1261 similitudinis

219 1297 318 1327 triam
344 1293 554 1324 circulorum.

262 1349 295 1380 Si
316 1346 454 1379 circulus
476 1345 554 1376 duos
575 1343 651 1375 alios
671 1346 797 1384 tangat,
820 1351 860 1371 ex
880 1339 939 1370 isto
955 1337 1167 1369 Theoremate
1185 1337 1331 1379 sequitur
1351 1341 1469 1367 rectam
1487 1346 1559 1378 quae

218 1408 338 1447 puncta
358 1400 522 1432 contactus
541 1397 664 1442 jungit,
684 1407 742 1439 per
761 1405 864 1426 unum
884 1404 902 1424 e
921 1392 1038 1423 centris
1056 1390 1274 1422 similitudinis
1294 1389 1434 1421 duorum
1452 1389 1560 1420 circu—

219 1457 340 1494 lorum,
368 1454 518 1494 transire3
548 1451 692 1493 adeoque
716 1450 774 1480 ista
797 1453 883 1480 recta
908 1447 969 1478 erit
998 1446 1064 1476 axis
1088 1443 1305 1475 similitudinis
1332 1442 1471 1474 duorum
1495 1442 1560 1473 cir—

219 1511 378 1543 culorum.

264 1565 296 1595 Si
317 1562 535 1594 consideratur
557 1571 660 1591 unum
686 1557 738 1589 vel
764 1555 851 1587 aliud
873 1566 891 1585 e
914 1553 1031 1584 centris
1053 1550 1270 1583 similitudinis
1291 1550 1429 1582 duorum
1453 1551 1560 1582 circu-

221 1620 343 1657 lorum,
369 1618 417 1648 uti
438 1616 530 1658 polus
550 1613 674 1645 duobus
696 1612 761 1642 istis
782 1608 909 1641 circulis
930 1606 1123 1645 communis,
1145 1603 1276 1635 habebit
1297 1606 1355 1635 iste
1377 1604 1469 1647 polus
1488 1615 1560 1635 rec-

221 1679 285 1703 tam
315 1670 455 1713 polarem
484 1669 517 1698 in
546 1676 742 1708 unoquoque
766 1663 903 1694 circulo:
935 1661 1006 1692 duae
1034 1660 1100 1690 istae
1127 1664 1222 1689 rectae
1254 1657 1377 1701 polares
1405 1657 1560 1689 dicuntur

216 1726 353 1768 polczres
372 1721 607 1753 similitudinis
628 1719 777 1754 directae,
799 1718 824 1747 si
845 1716 884 1747 ad
905 1721 1052 1746 centrum
1073 1712 1309 1744 similitudinis
1331 1712 1465 1742 directae
1484 1722 1560 1754 per-

222 1780 343 1817 tinent3
375 1776 528 1807 dicuntur
551 1778 659 1804 autem
682 1772 819 1813 polares
842 1768 1078 1800 similitudinis
1102 1768 1258 1803 inversae,
1293 1766 1318 1796 si
1343 1765 1382 1796 ad
1411 1771 1560 1796 centrum

223 1829 458 1863 similitudinis
481 1828 620 1858 inversoe
640 1825 839 1857 referuntur.
865 1821 1004 1855 Evidens
1028 1827 1075 1852 est
1093 1821 1166 1852 istas
1181 1820 1304 1863 polares
1327 1819 1559 1858 similitudinis,

185 1926 189 1929 μ
223 1896 289 1917 esse
306 1889 406 1915 rectas
426 1880 608 1923 homologas
626 1880 659 1910 in
681 1877 805 1910 duobus
824 1876 967 1917 circulis,
988 1875 1130 1918 adeoque
1151 1873 1286 1906 circulos
1303 1884 1410 1905 secare
1431 1873 1465 1904 in
1487 1883 1560 1916 seg-

225 1939 341 1971 mentis
362 1935 530 1968 similibus.

227 2002 1560 2023 „—-————„——-—-—.—-....-———-—-—————

285 2051 330 2080 ς’)
345 2049 479 2073 Theorema
501 2045 564 2069 illud
583 2053 612 2069 ex
632 2044 724 2068 theoria
742 2043 921 2075 projectionum
945 2042 1047 2066 deduxit
1065 2042 1152 2073 Monge
1172 2043 1271 2072 (geom.
1294 2040 1409 2070 deserip.‚
1430 2046 1484 2070 pag.
1502 2038 1529 2061 55
1540 2038 1561 2067 ).
