1747 2620
683 292 798 334 (95)

74 371 203 403 laesione
228 370 304 401 oriri
328 368 452 400 debeat.
480 368 658 399 Auctorum
685 366 815 398 illorum
834 367 1001 398 sententiae
1021 365 1295 398 observationibus
1318 367 1415 398 etiam

74 424 309 456 suffulciuntur
331 423 464 454 minime
490 423 524 453 in
549 421 685 453 dubium
713 420 917 453 revocandis:
946 420 1051 463 Boyer
1073 419 1120 462 (1)
1146 425 1254 451 autem
1276 419 1416 451 declarat

76 478 226 517 vulnera,
248 488 319 520 quae
341 476 443 507 cordis
462 475 671 507 substantiam
694 480 819 514 secant,
840 486 905 506 non
928 485 1004 506 vero
1025 474 1209 517 perforant,
1233 473 1319 516 apud
1345 474 1416 504 ani—

77 532 171 563 malia
192 542 281 574 posse
301 531 423 569 curari,
448 536 481 561 et
499 541 554 561 nos
570 541 658 572 posse
676 540 715 560 ex
737 528 880 572 analogia
897 529 1090 560 concludere
1109 528 1190 560 illud
1209 529 1305 559 etiam
1329 527 1416 571 apud

76 585 224 617 homines
241 583 385 615 accidere
395 583 513 615 valere.
530 582 652 614 Fodere
663 583 710 626 (2)
726 588 859 614 testatur
871 594 937 614 sese
953 584 1017 615 suis
1029 583 1129 615 oculis
1143 583 1258 615 vidisse
1273 583 1306 614 in
1323 582 1418 614 corde

76 638 244 683 cujusdam
266 638 427 669 demortui
447 638 628 668 cicatricem
648 637 682 667 in
703 637 881 679 pericardio
902 643 934 668 et
953 638 985 668 in
1004 637 1098 669 corde
1113 649 1130 669 e
1148 649 1320 681 praegresso
1335 648 1419 680 quo-

76 693 150 724 dam
177 692 313 725 vulnere
338 692 526 724 oriundam:
556 691 695 723 Wolfius
719 691 767 733 (3)
797 702 934 734 sequens
961 691 1084 723 factum
1115 697 1291 723 memorat:
1322 691 1418 723 homo

76 746 207 790 quidam
230 746 339 777 fuerat
359 747 392 777 in
415 752 544 788 pectore
567 744 744 784 sauciatus,
768 750 801 776 et
825 744 945 777 vulnus
969 745 1071 776 cordis
1095 744 1304 777 substantiam
1330 756 1419 776 seca-

77 807 184 841 verat,
204 813 278 832 nam
295 807 365 844 post
380 800 478 844 hujus
497 805 647 839 mortem,
665 801 736 842 q‘uae
753 799 832 831 huic
847 799 975 832 vulneri
990 811 1055 830 non
1068 799 1270 842 supervenit,
1287 799 1419 830 cicatrix

73 846 143 887 'fuit
163 861 289 898 reperta
309 856 382 886 satis
403 865 518 897 magna
541 854 575 885 in
597 854 700 885 cordis
718 852 887 886 ¹mucrone.
912 853 984 885 Non
1005 865 1174 897 possumus
1195 853 1249 885 hic
1270 853 1420 885 observa-

72 909 179 940 *tiones
194 908 333 947 referre,
349 919 421 951 quae
436 907 539 939 cordis
553 907 739 940 substantiae
751 909 906 940 sectiones
921 914 1044 939 sanatas
1062 908 1096 939 in
1112 908 1278 939 curatione
1297 913 1329 938 et
1344 918 1418 938 cum

77 962 344 1006 symptomatibus
365 963 430 993 suis
450 962 621 1002 denotant3
644 962 696 994 vix
716 963 803 994 enim
825 963 975 994 certiores
996 963 1064 993 fieri
1082 973 1251 1005 possumus
1271 973 1350 992 nuni
1368 972 1421 992 cor

76 1016 178 1048 fuerit
197 1016 308 1047 laesum
326 1027 428 1047 necne
447 1017 507 1046 nisi
526 1022 596 1058 post
615 1022 769 1056 mortem,
790 1016 964 1048 accedente
985 1016 1130 1059 autopsia
1146 1015 1338 1047 cadaverum
1354 1014 1419 1057 (4);

77 1064 215 1102 fuerunt
235 1070 367 1101 fortasse
388 1069 466 1101 tales
488 1069 630 1101 laesiones
651 1077 767 1101 sanatae
789 1070 909 1114 absque
931 1082 969 1102 eo
990 1077 1027 1102 ut
1047 1071 1218 1113 quisquam
1241 1069 1281 1101 de
1302 1070 1421 1112 praevia

78 1124 193 1155 harum
219 1123 388 1155 existentia
411 1123 553 1155 monitus
578 1124 689 1155 fuerit.
718 1124 887 1167 Quidquid
911 1124 945 1155 id
960 1130 1024 1163 est,
1045 1125 1238 1166 scriptorum
1257 1123 1422 1155 variorum

77 1177 266 1209 auctoritate
278 1183 310 1208 et
322 1176 513 1219 quibusdam
528 1176 800 1209 observationibus
812 1177 932 1222 adjuti,
947 1178 1091 1221 profiteri
1107 1188 1275 1220 possumus
1286 1176 1421 1209 vulnera

35 1246 41 1248 ⁷
79 1232 201 1271 omnia,
213 1242 285 1274 quae
297 1230 399 1262 cordis
411 1242 472 1262 nec
484 1230 693 1262 substantiam
707 1242 768 1263 nec
780 1231 924 1275 ejusdem
936 1243 1009 1264 vasa
1023 1231 1207 1274 sanguifera
1219 1242 1334 1274 magna
1345 1242 1422 1274 per-

78 1286 202 1326 forant,
219 1285 274 1316 sed
295 1285 511 1317 muscularem
528 1285 751 1316 tantummodo
767 1291 891 1329 partem
910 1291 1035 1325 secant,
1053 1286 1224 1329 saepissime
1244 1285 1375 1329 quidem
1391 1292 1424 1317 et

78 1340 149 1372 fere
173 1351 299 1383 semper
322 1340 453 1371 lethalia
477 1351 560 1380 esse,
592 1340 646 1371 scd
672 1351 776 1383 quum
797 1347 906 1372 tamen
930 1339 1130 1383 aliquantula
1157 1340 1328 1371 sanationis
1352 1350 1424 1383 spes

79 1394 274 1438 quandoque
289 1394 410 1434 elucet,
431 1394 484 1425 illa
494 1406 560 1436 per
573 1406 627 1432 se,
646 1406 712 1426 non
728 1406 804 1428 vero
819 1395 974 1426 absolute
994 1394 1144 1426 lethifera
1167 1405 1244 1426 esse.
1272 1394 1424 1426 Attamen

78 1448 132 1480 hic
147 1460 223 1480 cum
240 1448 381 1491 Metzger
397 1447 445 1490 (5)
462 1459 593 1479 monere
614 1447 768 1480 debemus
781 1448 969 1492 hujusmodi
983 1449 1128 1481 laesiones
1147 1449 1320 1480 rarissimas
1338 1459 1422 1488 esse,

81 1507 113 1533 et
134 1503 189 1533 vix
217 1503 316 1533 secari
342 1513 410 1541 cor,
441 1502 544 1545 (quin
565 1503 773 1547 perforetur)
795 1515 902 1547 posse3
935 1516 1009 1535 nani
1037 1503 1164 1535 difficile
1191 1509 1238 1535 est
1263 1509 1423 1545 conceptu

80 1554 202 1587 vulnus
230 1555 332 1586 cordis
361 1561 426 1587 tam
455 1556 657 1599 superficiale
685 1568 768 1598 esse,
810 1564 849 1590 ut
875 1558 939 1590 sola
970 1559 1076 1603 portio
1103 1557 1203 1602 hujus
1232 1557 1423 1590 muscularis

82 1608 249 1640 afficiatur.

125 1662 221 1695 Nunc
242 1668 351 1695 autem
374 1663 565 1696 devenimus
588 1665 629 1697 ad
649 1677 721 1698 vasa
743 1666 846 1698 cordis
864 1666 1066 1710 sanguifera‚
1090 1677 1162 1710 quae
1185 1671 1262 1698 sunt
1286 1664 1423 1708 duplicis

81 1717 226 1760 generis5
249 1717 399 1749 arteriosa
424 1729 542 1761 nempe
564 1725 596 1751 et
616 1731 743 1752 venosa.
771 1721 832 1753 Hic
852 1721 949 1752 etiam
970 1721 1020 1753 uti
1037 1720 1107 1752 fere
1128 1721 1162 1752 in
1184 1720 1296 1764 quavis
1320 1720 1423 1763 operis

79 1776 172 1814 parte
194 1770 332 1815 adjicere
353 1771 508 1804 debemus
527 1773 616 1805 haud
633 1768 723 1818 posse
742 1786 814 1807 vasa
833 1775 902 1807 haec
923 1775 1060 1808 vulnere
1076 1774 1158 1819 peti,
1178 1774 1258 1817 quin
1273 1775 1422 1818 primitus

81 1830 115 1856 et
133 1825 312 1857 necessarie>
332 1825 485 1858 Thoracis
509 1828 649 1870 parietes
671 1834 705 1861 et
728 1829 835 1872 ipsum
859 1829 1074 1873 pericardium
1096 1828 1317 1871 perforentur,
1343 1829 1422 1872 quin

143 1948 187 1976 (ι)
203 1947 235 1970 L.
255 1948 291 1977 1.‚
309 1952 368 1971 tom.
385 1949 446 1972 Vn.
468 1958 526 1982 pag.
545 1951 601 1974 266.

143 1989 186 2016 (2)
202 1989 234 2012 L.
252 1989 289 2018 1.,
308 1994 370 2013 tom.
393 1992 444 2014 ΠΙ.
466 2000 524 2023 pag.
542 1993 599 2015 340.

144 2028 187 2057 (3)
204 2028 239 2051 De
254 2029 342 2058 Seuac,
363 2034 425 2053 tom.
447 2033 484 2054 11.
506 2040 564 2063 pag.
586 2033 642 2063 429.

145 2069 189 2098 (4)
206 2068 242 2091 De
258 2069 345 2098 Seme,
365 2070 385 2093 1.
404 2071 441 2100 1.,
461 2079 519 2102 pag.
539 2074 597 2103 429.

144 2109 189 2138 (5)
205 2108 320 2140 Metzger,
337 2115 428 2141 geregt.
449 2111 549 2142 heelk.,
569 2121 583 2135 2
601 2112 678 2136 afdel.
699 2114 713 2137 4
729 2112 829 2136 hoosds.
852 2111 934 2135 bladz.
956 2112 1009 2141 139.
