1747 2620
894 244 1007 287 (22)

290 323 459 356 admodum
478 328 573 364 atque
590 319 680 352 valde
696 325 742 350 est
756 317 953 360 irregulariS,
969 318 1001 347 in
1016 318 1082 359 ipso
1097 328 1262 359 possumus
1275 322 1378 347 tamen
1397 316 1485 347 binas
1498 316 1609 356 facies,

290 380 472 419 (externam
488 382 520 407 et
535 373 708 414 internam)
724 373 802 403 duos
819 372 988 413 margines,
1006 370 1101 400 hasim
1119 375 1270 411 praeterea
1288 375 1383 411 atque
1405 370 1525 411 apicem
1545 369 1611 400 dis-

289 434 446 473 tinguere.
474 430 611 459 Externa
634 428 728 457 facies
750 436 888 455 convexa
906 430 952 454 est
970 429 1065 465 atque
1084 422 1276 464 respondens
1297 422 1469 464 parietibus
1487 422 1611 453 Thora-

289 486 348 524 cis,
379 496 395 514 a
421 482 537 526 quibus
563 480 795 511 interveniente
820 477 932 519 pleura
958 482 1143 518 separatur,
1176 475 1243 506 haec
1268 481 1374 505 autem
1404 475 1498 505 facies
1523 474 1610 505 sulco

288 538 416 580 obliquo
447 534 616 566 admodum
631 557 639 571 ,
677 544 693 562 a
724 531 906 561 summitate
941 529 1100 571 pulmonis
1128 529 1224 570 ipsius
1258 528 1297 559 ad
1330 527 1429 558 basim
1459 533 1609 568 extenso,

287 596 428 627 secatur,
462 589 570 630 sicque
594 588 626 617 in
654 585 742 616 binos
767 583 853 614 lobos
881 583 1106 625 distinguitur,
1132 581 1209 612 dum
1234 581 1343 623 pulmo
1375 581 1486 611 dexter
1510 580 1610 612 tribus

288 643 366 674 lobis
385 642 516 683 insignis
537 639 692 670 redditur.
719 637 908 679 Superficies
930 637 1053 666 interna
1076 635 1249 677 generatim
1276 634 1369 676 plana
1390 639 1436 665 est
1461 640 1556 676 atque
1575 635 1608 664 in

288 696 377 727 binas
393 700 513 737 partes,
530 691 701 722 insertione
718 689 943 720 bronchiorum
960 698 1171 729 vasorumque
1189 686 1419 728 pulmonalium
1431 711 1438 725 ,
1451 686 1608 716 distincta.

287 749 379 791 (haec
400 747 528 778 insertio
547 746 644 787 ipsius
665 744 699 774 in
721 749 809 785 parte
832 742 933 773 media
953 743 1020 784 fit).
1050 742 1156 772 Portio
1178 741 1328 782 posterior
1348 741 1469 782 regioni
1487 740 1609 770 laterali

288 802 444 833 columnae
460 798 643 830 vertebralis
657 796 842 839 respondet,
868 796 1006 826 anterior
1028 806 1102 826 vero
1121 794 1213 824 latior
1233 793 1349 832 multo,
1368 793 1453 824 cordi
1474 792 1610 823 medias-

288 857 420 896 tinoque
441 851 590 883 anteriori
606 850 708 881 vicina
725 855 788 886 est,
809 859 916 889 margo
934 848 1071 878 anterior
1089 853 1202 877 acutus
1219 852 1279 884 est,
1301 846 1333 876 in
1350 845 1502 888 pulmone
1517 846 1610 876 sinis—

287 914 335 938 tro
356 905 572 948 depressione,
598 902 699 933 cordis
720 902 801 943 apici
820 899 990 938 destinat-21,
1012 905 1156 938 notatur,
1176 900 1328 941 posterior
1347 899 1477 930 obtusus
1498 899 1610 930 admo-

287 960 365 990 dum
384 958 460 989 huic
475 956 625 987 Thoracis
640 955 738 997 parti,
757 964 829 996 quae
849 959 1006 984 costarum
1022 952 1146 994 angulis
1162 953 1408 991 determinatur,
1425 952 1610 994 respondet,

285 1012 366 1043 basis
385 1010 575 1053 pulmonum
595 1008 688 1050 plana
710 1013 775 1046 est,
797 1005 1027 1048 diaphragmati
1050 1004 1224 1044 incumbit,
1244 1005 1385 1047 huicque
1407 1016 1524 1047 organo
1544 1016 1610 1036 sese

288 1063 504 1095 accommodat
517 1063 560 1092 ita
574 1060 703 1103 quidem
718 1071 756 1091 ex
773 1065 910 1102 utroque
923 1059 1021 1089 latere
1037 1058 1207 1101 obliquiter
1222 1064 1399 1089 extrorsum
1412 1064 1444 1089 et
1459 1058 1610 1090 inferiora

289 1129 396 1150 versus
420 1116 586 1158 dirigitur:
612 1114 769 1156 margines
794 1112 900 1143 baseos
925 1118 1000 1143 sunt
1022 1112 1111 1154 quasi
1136 1111 1256 1142 dentati
1280 1111 1372 1150 ideo,
1401 1112 1486 1153 quod
1510 1113 1610 1154 spatio

288 1173 372 1202 inter
402 1170 607 1211 diaphragma
633 1173 665 1198 et
690 1172 788 1197 costas
819 1166 945 1196 ultimas
974 1164 1211 1203 includuntur,
1247 1175 1326 1207 apex
1355 1165 1546 1207 pulmonum
1575 1167 1609 1196 in

287 1225 424 1267 speciem
443 1223 530 1253 illam
551 1222 736 1263 angiportus
757 1220 940 1250 summitate
965 1219 1151 1260 pleurarum
1174 1218 1300 1249 formati
1327 1217 1495 1249 subintrat.

550 1334 590 1353 DE
623 1331 783 1352 TRACIIEA
816 1329 967 1351 ARTERIA
1000 1331 1041 1350 ET
1077 1330 1114 1350 DE
1147 1330 1344 1350 BRONCIIIIS.

329 1417 470 1449 Trachea
491 1415 603 1446 arteria
625 1413 722 1444 tubus
744 1419 790 1443 est
809 1411 1130 1454 fibro-cartilagineus
1149 1417 1221 1442 ante
1245 1410 1426 1442 columnam
1448 1410 1611 1442 vertebra-

286 1473 349 1503 lem
371 1472 468 1509 sitm,
498 1474 530 1500 et
553 1480 569 1499 a
589 1473 679 1510 parte
703 1466 854 1497 inferiore
878 1465 1017 1508 laryngis
1041 1475 1143 1507 usque
1166 1464 1204 1496 ad
1233 1464 1405 1495 secundam
1428 1470 1460 1495 et
1483 1464 1610 1495 tertiam

287 1524 464 1557 vertebram
486 1521 640 1553 dorsalem
656 1521 690 1550 in
707 1519 893 1550 mediastino
908 1518 1080 1560 posteriore
1097 1523 1263 1556 extensus3
1285 1517 1382 1548 facies
1402 1518 1500 1560 ipsius
1518 1523 1611 1548 ante-

286 1578 349 1609 rior
376 1588 450 1607 cum
480 1585 611 1617 corpore
644 1572 828 1616 thyroi'deo,
866 1572 954 1604 venis
990 1571 1162 1614 thyroideis
1192 1570 1422 1611 inferioribus,
1459 1571 1610 1614 glandula

286 1631 416 1672 thymo,
446 1628 526 1660 vena
554 1626 721 1658 subclavefi
748 1624 871 1656 sinistra
904 1631 936 1656 et
964 1625 1075 1668 majori
1104 1628 1198 1656 aortae
1224 1625 1395 1657 curvatura
1419 1624 1609 1667 responden

288 1683 384 1714 facies
412 1681 563 1724 posterior
587 1681 702 1723 partim
730 1679 955 1721 oesopliagum,
986 1679 1100 1721 partim
1129 1690 1257 1721 corpora
1290 1678 1510 1711 vertebrarum
1539 1690 1610 1709 cor-

287 1735 546 1778 respondentlum
572 1733 718 1772 obducit,
742 1732 838 1763 latera
859 1733 957 1774 ipsius
979 1732 1100 1762 arteriis
1122 1731 1286 1762 carotideis
1306 1732 1491 1773 primitivis,
1521 1732 1610 1763 venis

288 1788 486 1833 jugularibus
505 1787 654 1826 internis,
678 1786 848 1827 nervisque
870 1786 1171 1827 pneumo-gastricis
1189 1785 1291 1817 vicina
1312 1790 1404 1824 sunt,
1427 1785 1610 1816 extremitas

287 1843 420 1873 inferior
445 1841 579 1872 tracheae
605 1841 727 1871 arteriae
749 1841 782 1871 in
804 1839 894 1870 binos
916 1850 1017 1870 ramos
1043 1838 1275 1878 subdividitur,
1300 1838 1357 1881 qui
1382 1837 1610 1870 bronchiorum

288 1895 416 1926 nomine
438 1894 666 1936 insigniuntur.

332 1948 411 1979 Haec
432 1947 560 1989 quidem
581 1946 733 1978 bronchia
757 1958 773 1977 a
794 1958 826 1978 se
844 1946 982 1979 invicem
1006 1945 1066 1978 sub
1086 1945 1204 1988 angulo
1226 1945 1294 1976 fere
1315 1950 1401 1976 recto
1420 1944 1607 1987 divergunt,

289 2012 392 2033 unum
419 2000 649 2040 sinistrorsum,
678 2000 814 2031 alterum
841 1999 1037 2031 dextrorsum
1066 1999 1193 2042 oblique
1218 1998 1369 2030 inferiora
1398 2004 1430 2029 et
1452 1998 1607 2029 exteriora

288 2065 397 2088 versus
419 2053 601 2095 vergentia,
633 2052 784 2085 ultimum
806 2052 904 2084 altero
927 2053 1022 2084 latius
1046 2058 1093 2084 est
1118 2057 1214 2095 atque
1241 2052 1275 2083 in
1300 2050 1488 2094 pulmonem
1511 2061 1607 2082 suum
