<?xml version="1.0" encoding="UTF-8"?>
<!DOCTYPE html PUBLIC "-//W3C//DTD XHTML 1.0 Transitional//EN"
    "http://www.w3.org/TR/xhtml1/DTD/xhtml1-transitional.dtd">
<html xmlns="http://www.w3.org/1999/xhtml" xml:lang="en" lang="en">
 <head>
  <title>
</title>
<meta http-equiv="Content-Type" content="text/html;charset=utf-8" />
  <meta name='ocr-system' content='tesseract 3.04.00' />
  <meta name='ocr-capabilities' content='ocr_page ocr_carea ocr_par ocr_line ocrx_word'/>
</head>
<body>
  <div class='ocr_page' id='page_1' title='image "annalesacademiae00acad_0145.png"; bbox 0 0 1747 2620; ppageno 0'>
   <div class='ocr_carea' id='block_1_1' title="bbox 731 247 843 290">
    <p class='ocr_par' dir='ltr' id='par_1_1' title="bbox 731 247 843 290">
     <span class='ocr_line' id='line_1_1' title="bbox 731 247 843 290; baseline 0.009 -1"><span class='ocrx_word' id='word_1_1' title='bbox 731 247 843 290; x_wconf 78' lang='lat'>(21)</span> 
     </span>
    </p>
   </div>
   <div class='ocr_carea' id='block_1_2' title="bbox 105 320 1452 1534">
    <p class='ocr_par' dir='ltr' id='par_1_2' title="bbox 105 320 1452 949">
     <span class='ocr_line' id='line_1_2' title="bbox 125 320 1451 367; baseline 0.002 -13"><span class='ocrx_word' id='word_1_2' title='bbox 125 333 199 354; x_wconf 91' lang='lat' dir='ltr'>cum</span> <span class='ocrx_word' id='word_1_3' title='bbox 228 323 370 354; x_wconf 77' lang='lat' dir='ltr'>dissolvi</span> <span class='ocrx_word' id='word_1_4' title='bbox 393 321 476 353; x_wconf 90' lang='lat' dir='ltr'>nihil</span> <span class='ocrx_word' id='word_1_5' title='bbox 507 321 547 352; x_wconf 92' lang='lat' dir='ltr'>sit</span> <span class='ocrx_word' id='word_1_6' title='bbox 573 320 661 352; x_wconf 86' lang='lat' dir='ltr'>aliud</span> <span class='ocrx_word' id='word_1_7' title='bbox 688 331 787 363; x_wconf 86' lang='lat' dir='ltr'>quam</span> <span class='ocrx_word' id='word_1_8' title='bbox 811 321 963 353; x_wconf 85' lang='lat' dir='ltr'>discessus</span> <span class='ocrx_word' id='word_1_9' title='bbox 990 328 1023 354; x_wconf 91' lang='lat' dir='ltr'>et</span> <span class='ocrx_word' id='word_1_10' title='bbox 1048 324 1180 354; x_wconf 89' lang='lat' dir='ltr'>secretio</span> <span class='ocrx_word' id='word_1_11' title='bbox 1209 335 1246 354; x_wconf 87' lang='lat' dir='ltr'>ac</span> <span class='ocrx_word' id='word_1_12' title='bbox 1274 324 1451 367; x_wconf 87' lang='lat' dir='ltr'>diremptus</span> 
     </span>
     <span class='ocr_line' id='line_1_3' title="bbox 125 374 1449 419; baseline 0.001 -12"><span class='ocrx_word' id='word_1_13' title='bbox 125 387 236 407; x_wconf 84' lang='lat' dir='ltr'>earum</span> <span class='ocrx_word' id='word_1_14' title='bbox 257 377 411 419; x_wconf 88' lang='lat' dir='ltr'>partium,</span> <span class='ocrx_word' id='word_1_15' title='bbox 435 387 507 418; x_wconf 84' lang='lat' dir='ltr'>quae</span> <span class='ocrx_word' id='word_1_16' title='bbox 528 381 620 406; x_wconf 89' lang='lat' dir='ltr'>antea</span> <span class='ocrx_word' id='word_1_17' title='bbox 640 374 805 418; x_wconf 80' lang='lat' dir='ltr'>junctione</span> <span class='ocrx_word' id='word_1_18' title='bbox 828 375 934 419; x_wconf 88' lang='lat' dir='ltr'>aliqua</span> <span class='ocrx_word' id='word_1_19' title='bbox 954 376 1161 416; x_wconf 84' lang='lat' dir='ltr'>tenebantur,</span> <span class='ocrx_word' id='word_1_20' title='bbox 1185 378 1331 419; x_wconf 89' lang='lat' dir='ltr'>sequitur</span> <span class='ocrx_word' id='word_1_21' title='bbox 1351 378 1449 417; x_wconf 89' lang='lat' dir='ltr'>nihil,</span> 
     </span>
     <span class='ocr_line' id='line_1_4' title="bbox 123 428 1451 472; baseline 0.002 -13"><span class='ocrx_word' id='word_1_22' title='bbox 123 429 185 460; x_wconf 88' lang='lat' dir='ltr'>nisi</span> <span class='ocrx_word' id='word_1_23' title='bbox 208 429 294 472; x_wconf 89' lang='lat' dir='ltr'>quod</span> <span class='ocrx_word' id='word_1_24' title='bbox 316 440 333 460; x_wconf 89' lang='lat' dir='ltr'>e</span> <span class='ocrx_word' id='word_1_25' title='bbox 354 428 498 472; x_wconf 83' lang='lat' dir='ltr'>partibus</span> <span class='ocrx_word' id='word_1_26' title='bbox 517 434 654 466; x_wconf 81' lang='lat' dir='ltr'>constet,</span> <span class='ocrx_word' id='word_1_27' title='bbox 680 429 714 459; x_wconf 87' lang='lat' dir='ltr'>in</span> <span class='ocrx_word' id='word_1_28' title='bbox 736 435 840 471; x_wconf 84' lang='lat' dir='ltr'>partes</span> <span class='ocrx_word' id='word_1_29' title='bbox 861 440 932 460; x_wconf 83' lang='lat' dir='ltr'>suas</span> <span class='ocrx_word' id='word_1_30' title='bbox 953 429 1059 461; x_wconf 87' lang='lat' dir='ltr'>denuo</span> <span class='ocrx_word' id='word_1_31' title='bbox 1081 441 1169 472; x_wconf 88' lang='lat' dir='ltr'>posse</span> <span class='ocrx_word' id='word_1_32' title='bbox 1187 430 1311 462; x_wconf 90' lang='lat' dir='ltr'>resolvi.</span> <span class='ocrx_word' id='word_1_33' title='bbox 1339 431 1451 472; x_wconf 87' lang='lat' dir='ltr'>Itaque</span> 
     </span>
     <span class='ocr_line' id='line_1_5' title="bbox 123 481 1452 526; baseline 0.002 -14"><span class='ocrx_word' id='word_1_34' title='bbox 123 482 184 513; x_wconf 88' lang='lat' dir='ltr'>hoc</span> <span class='ocrx_word' id='word_1_35' title='bbox 204 482 238 512; x_wconf 89' lang='lat' dir='ltr'>in</span> <span class='ocrx_word' id='word_1_36' title='bbox 259 483 364 514; x_wconf 63' lang='lat' dir='ltr'>animiv</span> <span class='ocrx_word' id='word_1_37' title='bbox 378 488 526 513; x_wconf 85' lang='lat' dir='ltr'>naturam</span> <span class='ocrx_word' id='word_1_38' title='bbox 548 481 728 514; x_wconf 88' lang='lat' dir='ltr'>intellectui</span> <span class='ocrx_word' id='word_1_39' title='bbox 747 487 872 513; x_wconf 87' lang='lat' dir='ltr'>tantum</span> <span class='ocrx_word' id='word_1_40' title='bbox 898 483 1230 526; x_wconf 86' lang='lat' dir='ltr'>comprehendendam</span> <span class='ocrx_word' id='word_1_41' title='bbox 1253 489 1349 526; x_wconf 82' lang='lat' dir='ltr'>atque</span> <span class='ocrx_word' id='word_1_42' title='bbox 1374 484 1452 514; x_wconf 83' lang='lat' dir='ltr'>sim-</span> 
     </span>
     <span class='ocr_line' id='line_1_6' title="bbox 122 532 1452 578; baseline 0.002 -13"><span class='ocrx_word' id='word_1_43' title='bbox 122 532 239 576; x_wconf 85' lang='lat' dir='ltr'>plicem</span> <span class='ocrx_word' id='word_1_44' title='bbox 260 536 389 565; x_wconf 89' lang='lat' dir='ltr'>omnino</span> <span class='ocrx_word' id='word_1_45' title='bbox 409 534 521 565; x_wconf 85' lang='lat' dir='ltr'>cadere</span> <span class='ocrx_word' id='word_1_46' title='bbox 535 535 650 577; x_wconf 87' lang='lat' dir='ltr'>nequit</span> <span class='ocrx_word' id='word_1_47' title='bbox 663 533 722 577; x_wconf 82' lang='lat'>(1).</span> <span class='ocrx_word' id='word_1_48' title='bbox 738 535 829 566; x_wconf 80' lang='lat' dir='ltr'>Illam</span> <span class='ocrx_word' id='word_1_49' title='bbox 844 536 943 566; x_wconf 88' lang='lat' dir='ltr'>animi</span> <span class='ocrx_word' id='word_1_50' title='bbox 962 536 1196 578; x_wconf 87' lang='lat' dir='ltr'>simplicitatem</span> <span class='ocrx_word' id='word_1_51' title='bbox 1214 537 1321 568; x_wconf 89' lang='lat' dir='ltr'>multis</span> <span class='ocrx_word' id='word_1_52' title='bbox 1336 537 1452 568; x_wconf 86' lang='lat' dir='ltr'>deinde</span> 
     </span>
     <span class='ocr_line' id='line_1_7' title="bbox 122 586 1451 632; baseline 0.003 -15"><span class='ocrx_word' id='word_1_53' title='bbox 122 586 298 618; x_wconf 83' lang='lat' dir='ltr'>rationibus</span> <span class='ocrx_word' id='word_1_54' title='bbox 321 587 459 618; x_wconf 83' lang='lat' dir='ltr'>stabilire</span> <span class='ocrx_word' id='word_1_55' title='bbox 480 593 512 618; x_wconf 88' lang='lat' dir='ltr'>et</span> <span class='ocrx_word' id='word_1_56' title='bbox 536 587 670 630; x_wconf 88' lang='lat' dir='ltr'>probare</span> <span class='ocrx_word' id='word_1_57' title='bbox 695 588 820 619; x_wconf 84' lang='lat' dir='ltr'>studuit</span> <span class='ocrx_word' id='word_1_58' title='bbox 838 589 983 620; x_wconf 85' lang='lat' dir='ltr'>Plotinus</span> <span class='ocrx_word' id='word_1_59' title='bbox 1004 589 1266 631; x_wconf 82' lang='lat' dir='ltr'>Neoplatonicus,</span> <span class='ocrx_word' id='word_1_60' title='bbox 1292 596 1388 632; x_wconf 82' lang='lat' dir='ltr'>atque</span> <span class='ocrx_word' id='word_1_61' title='bbox 1410 601 1451 621; x_wconf 75' lang='lat' dir='ltr'>ex</span> 
     </span>
     <span class='ocr_line' id='line_1_8' title="bbox 105 635 1449 683; baseline 0.002 -12"><span class='ocrx_word' id='word_1_62' title='bbox 105 635 158 671; x_wconf 46' lang='lat' dir='ltr'>‘ea</span> <span class='ocrx_word' id='word_1_63' title='bbox 181 651 310 682; x_wconf 89' lang='lat' dir='ltr'>quoque</span> <span class='ocrx_word' id='word_1_64' title='bbox 337 646 565 683; x_wconf 83' lang='lat' dir='ltr'>argumentum</span> <span class='ocrx_word' id='word_1_65' title='bbox 589 641 701 672; x_wconf 87' lang='lat' dir='ltr'>sumsit</span> <span class='ocrx_word' id='word_1_66' title='bbox 725 641 764 672; x_wconf 86' lang='lat' dir='ltr'>ad</span> <span class='ocrx_word' id='word_1_67' title='bbox 787 641 1010 673; x_wconf 86' lang='lat' dir='ltr'>vindicandam</span> <span class='ocrx_word' id='word_1_68' title='bbox 1033 643 1147 673; x_wconf 81' lang='lat' dir='ltr'>animis</span> <span class='ocrx_word' id='word_1_69' title='bbox 1166 643 1449 675; x_wconf 85' lang='lat' dir='ltr'>immortalitatem.</span> 
     </span>
     <span class='ocr_line' id='line_1_9' title="bbox 122 690 1451 738; baseline 0.003 -15"><span class='ocrx_word' id='word_1_70' title='bbox 122 693 259 724; x_wconf 90' lang='lat' dir='ltr'>Animus</span> <span class='ocrx_word' id='word_1_71' title='bbox 274 690 360 724; x_wconf 85' lang='lat' dir='ltr'>enim</span> <span class='ocrx_word' id='word_1_72' title='bbox 377 705 451 725; x_wconf 89' lang='lat' dir='ltr'>cum</span> <span class='ocrx_word' id='word_1_73' title='bbox 471 705 536 724; x_wconf 89' lang='lat' dir='ltr'>non</span> <span class='ocrx_word' id='word_1_74' title='bbox 554 694 594 724; x_wconf 88' lang='lat' dir='ltr'>sit</span> <span class='ocrx_word' id='word_1_75' title='bbox 611 693 711 725; x_wconf 87' lang='lat' dir='ltr'>moles</span> <span class='ocrx_word' id='word_1_76' title='bbox 722 700 778 725; x_wconf 87' lang='lat' dir='ltr'>aut</span> <span class='ocrx_word' id='word_1_77' title='bbox 792 700 950 736; x_wconf 87' lang='lat' dir='ltr'>quantum</span> <span class='ocrx_word' id='word_1_78' title='bbox 969 694 1114 737; x_wconf 82' lang='lat' dir='ltr'>aliquod,</span> <span class='ocrx_word' id='word_1_79' title='bbox 1130 695 1170 725; x_wconf 88' lang='lat' dir='ltr'>oh</span> <span class='ocrx_word' id='word_1_80' title='bbox 1183 696 1402 738; x_wconf 84' lang='lat' dir='ltr'>incorpoream</span> <span class='ocrx_word' id='word_1_81' title='bbox 1419 702 1451 727; x_wconf 89' lang='lat' dir='ltr'>et</span> 
     </span>
     <span class='ocr_line' id='line_1_10' title="bbox 121 745 1449 791; baseline 0.002 -14"><span class='ocrx_word' id='word_1_82' title='bbox 121 745 320 778; x_wconf 81' lang='lat' dir='ltr'>individuam</span> <span class='ocrx_word' id='word_1_83' title='bbox 340 747 440 789; x_wconf 89' lang='lat' dir='ltr'>ipsius</span> <span class='ocrx_word' id='word_1_84' title='bbox 458 752 605 777; x_wconf 84' lang='lat' dir='ltr'>naturam</span> <span class='ocrx_word' id='word_1_85' title='bbox 624 747 657 777; x_wconf 94' lang='lat' dir='ltr'>in</span> <span class='ocrx_word' id='word_1_86' title='bbox 677 752 783 789; x_wconf 85' lang='lat' dir='ltr'>partes</span> <span class='ocrx_word' id='word_1_87' title='bbox 805 746 904 779; x_wconf 90' lang='lat' dir='ltr'>dividi</span> <span class='ocrx_word' id='word_1_88' title='bbox 920 757 984 777; x_wconf 91' lang='lat' dir='ltr'>non</span> <span class='ocrx_word' id='word_1_89' title='bbox 999 753 1102 789; x_wconf 86' lang='lat' dir='ltr'>potest</span> <span class='ocrx_word' id='word_1_90' title='bbox 1116 758 1176 779; x_wconf 91' lang='lat' dir='ltr'>nec</span> <span class='ocrx_word' id='word_1_91' title='bbox 1192 748 1323 779; x_wconf 87' lang='lat' dir='ltr'>interire</span> <span class='ocrx_word' id='word_1_92' title='bbox 1339 750 1449 791; x_wconf 84' lang='lat' dir='ltr'>igitur.</span> 
     </span>
     <span class='ocr_line' id='line_1_11' title="bbox 120 798 1452 844; baseline 0.002 -14"><span class='ocrx_word' id='word_1_93' title='bbox 120 798 234 842; x_wconf 86' lang='lat' dir='ltr'>Neque</span> <span class='ocrx_word' id='word_1_94' title='bbox 254 811 330 832; x_wconf 87' lang='lat' dir='ltr'>vero</span> <span class='ocrx_word' id='word_1_95' title='bbox 348 801 444 831; x_wconf 87' lang='lat' dir='ltr'>etiam</span> <span class='ocrx_word' id='word_1_96' title='bbox 468 800 709 840; x_wconf 82' lang='lat' dir='ltr'>immutatione,</span> <span class='ocrx_word' id='word_1_97' title='bbox 734 810 806 843; x_wconf 84' lang='lat' dir='ltr'>quae</span> <span class='ocrx_word' id='word_1_98' title='bbox 825 811 995 842; x_wconf 88' lang='lat' dir='ltr'>corporum</span> <span class='ocrx_word' id='word_1_99' title='bbox 1015 800 1151 832; x_wconf 83' lang='lat' dir='ltr'>formam</span> <span class='ocrx_word' id='word_1_100' title='bbox 1167 807 1200 832; x_wconf 89' lang='lat' dir='ltr'>et</span> <span class='ocrx_word' id='word_1_101' title='bbox 1221 812 1271 832; x_wconf 85' lang='lat' dir='ltr'>res</span> <span class='ocrx_word' id='word_1_102' title='bbox 1293 802 1452 844; x_wconf 88' lang='lat' dir='ltr'>composi-</span> 
     </span>
     <span class='ocr_line' id='line_1_12' title="bbox 120 852 1451 898; baseline 0.002 -15"><span class='ocrx_word' id='word_1_103' title='bbox 120 857 168 883; x_wconf 90' lang='lat' dir='ltr'>tas</span> <span class='ocrx_word' id='word_1_104' title='bbox 187 859 324 895; x_wconf 80' lang='lat' dir='ltr'>spectat⁷</span> <span class='ocrx_word' id='word_1_105' title='bbox 347 852 474 886; x_wconf 86' lang='lat' dir='ltr'>dissolvi</span> <span class='ocrx_word' id='word_1_106' title='bbox 492 858 548 884; x_wconf 87' lang='lat' dir='ltr'>aut</span> <span class='ocrx_word' id='word_1_107' title='bbox 564 853 669 895; x_wconf 84' lang='lat' dir='ltr'>perire</span> <span class='ocrx_word' id='word_1_108' title='bbox 685 859 788 896; x_wconf 86' lang='lat' dir='ltr'>potest</span> <span class='ocrx_word' id='word_1_109' title='bbox 808 854 948 893; x_wconf 86' lang='lat' dir='ltr'>animus,</span> <span class='ocrx_word' id='word_1_110' title='bbox 968 859 1093 885; x_wconf 85' lang='lat' dir='ltr'>naturae</span> <span class='ocrx_word' id='word_1_111' title='bbox 1114 854 1235 897; x_wconf 87' lang='lat' dir='ltr'>quippe</span> <span class='ocrx_word' id='word_1_112' title='bbox 1255 855 1405 898; x_wconf 87' lang='lat' dir='ltr'>simplicis</span> <span class='ocrx_word' id='word_1_113' title='bbox 1418 860 1451 886; x_wconf 88' lang='lat' dir='ltr'>et</span> 
     </span>
     <span class='ocr_line' id='line_1_13' title="bbox 118 906 392 949; baseline 0 -12"><span class='ocrx_word' id='word_1_114' title='bbox 118 906 313 949; x_wconf 73' lang='lat' dir='ltr'>incorporeae</span> <span class='ocrx_word' id='word_1_115' title='bbox 333 906 392 949; x_wconf 83' lang='lat'>(2).</span> 
     </span>
    </p>

    <p class='ocr_par' dir='ltr' id='par_1_3' title="bbox 114 957 1452 1534">
     <span class='ocr_line' id='line_1_14' title="bbox 163 957 1450 1003; baseline 0.001 -13"><span class='ocrx_word' id='word_1_116' title='bbox 163 959 286 990; x_wconf 89' lang='lat' dir='ltr'>Eodem</span> <span class='ocrx_word' id='word_1_117' title='bbox 305 959 375 990; x_wconf 85' lang='lat' dir='ltr'>fere</span> <span class='ocrx_word' id='word_1_118' title='bbox 396 958 491 990; x_wconf 87' lang='lat' dir='ltr'>modo</span> <span class='ocrx_word' id='word_1_119' title='bbox 512 969 622 989; x_wconf 87' lang='lat' dir='ltr'>omnes</span> <span class='ocrx_word' id='word_1_120' title='bbox 644 957 824 1001; x_wconf 82' lang='lat' dir='ltr'>philosophi</span> <span class='ocrx_word' id='word_1_121' title='bbox 843 958 1071 998; x_wconf 79' lang='lat' dir='ltr'>Alexandrini,</span> <span class='ocrx_word' id='word_1_122' title='bbox 1098 959 1214 991; x_wconf 89' lang='lat' dir='ltr'>deinde</span> <span class='ocrx_word' id='word_1_123' title='bbox 1234 960 1450 1003; x_wconf 81' lang='lat' dir='ltr'>Augustinus,</span> 
     </span>
     <span class='ocr_line' id='line_1_15' title="bbox 120 1011 1452 1055; baseline 0.002 -13"><span class='ocrx_word' id='word_1_124' title='bbox 120 1011 250 1043; x_wconf 87' lang='lat' dir='ltr'>Ficinus</span> <span class='ocrx_word' id='word_1_125' title='bbox 274 1018 307 1043; x_wconf 91' lang='lat' dir='ltr'>et</span> <span class='ocrx_word' id='word_1_126' title='bbox 329 1012 475 1055; x_wconf 85' lang='lat' dir='ltr'>plerique</span> <span class='ocrx_word' id='word_1_127' title='bbox 497 1022 536 1043; x_wconf 79' lang='lat' dir='ltr'>ex</span> <span class='ocrx_word' id='word_1_128' title='bbox 559 1011 804 1051; x_wconf 86' lang='lat' dir='ltr'>recentioribus,</span> <span class='ocrx_word' id='word_1_129' title='bbox 827 1022 866 1042; x_wconf 81' lang='lat' dir='ltr'>ex</span> <span class='ocrx_word' id='word_1_130' title='bbox 886 1012 1071 1054; x_wconf 84' lang='lat' dir='ltr'>incorporea</span> <span class='ocrx_word' id='word_1_131' title='bbox 1096 1013 1195 1043; x_wconf 83' lang='lat' dir='ltr'>animi</span> <span class='ocrx_word' id='word_1_132' title='bbox 1213 1019 1327 1043; x_wconf 87' lang='lat' dir='ltr'>natura</span> <span class='ocrx_word' id='word_1_133' title='bbox 1352 1024 1452 1055; x_wconf 84' lang='lat' dir='ltr'>argu-</span> 
     </span>
     <span class='ocr_line' id='line_1_16' title="bbox 120 1063 1451 1107; baseline 0 -12"><span class='ocrx_word' id='word_1_134' title='bbox 120 1065 253 1095; x_wconf 84' lang='lat' dir='ltr'>mentati</span> <span class='ocrx_word' id='word_1_135' title='bbox 273 1070 358 1095; x_wconf 88' lang='lat' dir='ltr'>sunt.</span> <span class='ocrx_word' id='word_1_136' title='bbox 388 1064 544 1095; x_wconf 85' lang='lat' dir='ltr'>Veterum</span> <span class='ocrx_word' id='word_1_137' title='bbox 564 1065 696 1106; x_wconf 85' lang='lat' dir='ltr'>insuper</span> <span class='ocrx_word' id='word_1_138' title='bbox 713 1074 771 1105; x_wconf 88' lang='lat' dir='ltr'>pro</span> <span class='ocrx_word' id='word_1_139' title='bbox 791 1063 891 1094; x_wconf 83' lang='lat' dir='ltr'>animi</span> <span class='ocrx_word' id='word_1_140' title='bbox 909 1064 1112 1106; x_wconf 82' lang='lat' dir='ltr'>simplicitate</span> <span class='ocrx_word' id='word_1_141' title='bbox 1128 1071 1317 1107; x_wconf 83' lang='lat' dir='ltr'>argumenta</span> <span class='ocrx_word' id='word_1_142' title='bbox 1335 1065 1451 1096; x_wconf 89' lang='lat' dir='ltr'>obscu-</span> 
     </span>
     <span class='ocr_line' id='line_1_17' title="bbox 119 1116 1450 1159; baseline 0 -11"><span class='ocrx_word' id='word_1_143' title='bbox 119 1117 186 1148; x_wconf 86' lang='lat' dir='ltr'>rius</span> <span class='ocrx_word' id='word_1_144' title='bbox 212 1116 398 1147; x_wconf 84' lang='lat' dir='ltr'>adumbrata</span> <span class='ocrx_word' id='word_1_145' title='bbox 434 1116 561 1158; x_wconf 85' lang='lat' dir='ltr'>planius</span> <span class='ocrx_word' id='word_1_146' title='bbox 589 1122 622 1147; x_wconf 86' lang='lat' dir='ltr'>et</span> <span class='ocrx_word' id='word_1_147' title='bbox 646 1116 825 1147; x_wconf 81' lang='lat' dir='ltr'>accuratius</span> <span class='ocrx_word' id='word_1_148' title='bbox 849 1123 1087 1159; x_wconf 78' lang='lat' dir='ltr'>exposuerunt,</span> <span class='ocrx_word' id='word_1_149' title='bbox 1115 1116 1165 1148; x_wconf 92' lang='lat' dir='ltr'>vel</span> <span class='ocrx_word' id='word_1_150' title='bbox 1192 1118 1288 1148; x_wconf 85' lang='lat' dir='ltr'>etiam</span> <span class='ocrx_word' id='word_1_151' title='bbox 1313 1118 1394 1149; x_wconf 60' lang='lat' dir='ltr'>nora</span> <span class='ocrx_word' id='word_1_152' title='bbox 1417 1123 1450 1148; x_wconf 89' lang='lat' dir='ltr'>et</span> 
     </span>
     <span class='ocr_line' id='line_1_18' title="bbox 118 1168 1450 1212; baseline 0.002 -13"><span class='ocrx_word' id='word_1_153' title='bbox 118 1169 252 1200; x_wconf 87' lang='lat' dir='ltr'>certiora</span> <span class='ocrx_word' id='word_1_154' title='bbox 270 1179 352 1211; x_wconf 85' lang='lat' dir='ltr'>saepe</span> <span class='ocrx_word' id='word_1_155' title='bbox 374 1168 578 1200; x_wconf 84' lang='lat' dir='ltr'>addiderunt.</span> <span class='ocrx_word' id='word_1_156' title='bbox 605 1168 689 1200; x_wconf 91' lang='lat' dir='ltr'>Sunt</span> <span class='ocrx_word' id='word_1_157' title='bbox 708 1169 813 1199; x_wconf 85' lang='lat' dir='ltr'>omnia</span> <span class='ocrx_word' id='word_1_158' title='bbox 834 1168 902 1200; x_wconf 82' lang='lat' dir='ltr'>haec</span> <span class='ocrx_word' id='word_1_159' title='bbox 921 1174 1110 1211; x_wconf 82' lang='lat' dir='ltr'>argumenta</span> <span class='ocrx_word' id='word_1_160' title='bbox 1132 1175 1254 1208; x_wconf 86' lang='lat' dir='ltr'>sumta,</span> <span class='ocrx_word' id='word_1_161' title='bbox 1276 1171 1393 1212; x_wconf 86' lang='lat' dir='ltr'>partim</span> <span class='ocrx_word' id='word_1_162' title='bbox 1410 1181 1450 1201; x_wconf 77' lang='lat' dir='ltr'>ex</span> 
     </span>
     <span class='ocr_line' id='line_1_19' title="bbox 116 1220 1451 1265; baseline 0.001 -12"><span class='ocrx_word' id='word_1_163' title='bbox 116 1222 314 1264; x_wconf 83' lang='lat' dir='ltr'>experientia</span> <span class='ocrx_word' id='word_1_164' title='bbox 333 1227 366 1252; x_wconf 90' lang='lat' dir='ltr'>et</span> <span class='ocrx_word' id='word_1_165' title='bbox 386 1221 604 1254; x_wconf 82' lang='lat' dir='ltr'>observatione</span> <span class='ocrx_word' id='word_1_166' title='bbox 622 1221 672 1253; x_wconf 89' lang='lat' dir='ltr'>sui</span> <span class='ocrx_word' id='word_1_167' title='bbox 694 1220 852 1264; x_wconf 80' lang='lat' dir='ltr'>cujusque</span> <span class='ocrx_word' id='word_1_168' title='bbox 872 1222 987 1264; x_wconf 80' lang='lat' dir='ltr'>ipsius,</span> <span class='ocrx_word' id='word_1_169' title='bbox 1007 1223 1123 1265; x_wconf 85' lang='lat' dir='ltr'>partim</span> <span class='ocrx_word' id='word_1_170' title='bbox 1139 1233 1179 1254; x_wconf 84' lang='lat' dir='ltr'>ex</span> <span class='ocrx_word' id='word_1_171' title='bbox 1195 1223 1341 1254; x_wconf 86' lang='lat' dir='ltr'>instituta</span> <span class='ocrx_word' id='word_1_172' title='bbox 1360 1234 1451 1254; x_wconf 89' lang='lat' dir='ltr'>com-</span> 
     </span>
     <span class='ocr_line' id='line_1_20' title="bbox 116 1274 1450 1318; baseline 0.002 -13"><span class='ocrx_word' id='word_1_173' title='bbox 116 1274 281 1318; x_wconf 84' lang='lat' dir='ltr'>paratione</span> <span class='ocrx_word' id='word_1_174' title='bbox 306 1274 391 1305; x_wconf 88' lang='lat' dir='ltr'>inter</span> <span class='ocrx_word' id='word_1_175' title='bbox 413 1275 641 1317; x_wconf 81' lang='lat' dir='ltr'>proprietatem</span> <span class='ocrx_word' id='word_1_176' title='bbox 664 1274 832 1316; x_wconf 86' lang='lat' dir='ltr'>viresque,</span> <span class='ocrx_word' id='word_1_177' title='bbox 857 1285 931 1317; x_wconf 86' lang='lat' dir='ltr'>quae</span> <span class='ocrx_word' id='word_1_178' title='bbox 958 1277 1064 1306; x_wconf 84' lang='lat' dir='ltr'>animo</span> <span class='ocrx_word' id='word_1_179' title='bbox 1092 1276 1309 1316; x_wconf 86' lang='lat' dir='ltr'>conveniunt,</span> <span class='ocrx_word' id='word_1_180' title='bbox 1340 1282 1372 1307; x_wconf 86' lang='lat' dir='ltr'>et</span> <span class='ocrx_word' id='word_1_181' title='bbox 1398 1288 1450 1308; x_wconf 84' lang='lat' dir='ltr'>eas</span> 
     </span>
     <span class='ocr_line' id='line_1_21' title="bbox 116 1326 1449 1372; baseline 0.002 -14"><span class='ocrx_word' id='word_1_182' title='bbox 116 1338 189 1371; x_wconf 86' lang='lat' dir='ltr'>quae</span> <span class='ocrx_word' id='word_1_183' title='bbox 212 1327 397 1371; x_wconf 87' lang='lat' dir='ltr'>corporibus</span> <span class='ocrx_word' id='word_1_184' title='bbox 420 1328 487 1359; x_wconf 89' lang='lat' dir='ltr'>sive</span> <span class='ocrx_word' id='word_1_185' title='bbox 512 1328 653 1359; x_wconf 85' lang='lat' dir='ltr'>materiae</span> <span class='ocrx_word' id='word_1_186' title='bbox 679 1326 913 1359; x_wconf 80' lang='lat' dir='ltr'>attribuuntur.</span> <span class='ocrx_word' id='word_1_187' title='bbox 947 1327 1011 1359; x_wconf 83' lang='lat' dir='ltr'>Has</span> <span class='ocrx_word' id='word_1_188' title='bbox 1033 1339 1110 1361; x_wconf 71' lang='lat' dir='ltr'>vero</span> <span class='ocrx_word' id='word_1_189' title='bbox 1134 1329 1272 1360; x_wconf 85' lang='lat' dir='ltr'>rationes</span> <span class='ocrx_word' id='word_1_190' title='bbox 1296 1330 1449 1372; x_wconf 88' lang='lat' dir='ltr'>quoniam</span> 
     </span>
     <span class='ocr_line' id='line_1_22' title="bbox 114 1380 1449 1426; baseline 0.002 -14"><span class='ocrx_word' id='word_1_191' title='bbox 114 1380 264 1413; x_wconf 81' lang='lat' dir='ltr'>brevitati</span> <span class='ocrx_word' id='word_1_192' title='bbox 283 1380 479 1412; x_wconf 85' lang='lat' dir='ltr'>studendum</span> <span class='ocrx_word' id='word_1_193' title='bbox 495 1381 573 1420; x_wconf 83' lang='lat' dir='ltr'>erit,</span> <span class='ocrx_word' id='word_1_194' title='bbox 589 1381 643 1412; x_wconf 87' lang='lat' dir='ltr'>hic</span> <span class='ocrx_word' id='word_1_195' title='bbox 662 1381 839 1412; x_wconf 84' lang='lat' dir='ltr'>omittimus</span> <span class='ocrx_word' id='word_1_196' title='bbox 851 1381 916 1424; x_wconf 81' lang='lat'>(3),</span> <span class='ocrx_word' id='word_1_197' title='bbox 936 1391 1039 1414; x_wconf 88' lang='lat' dir='ltr'>unum</span> <span class='ocrx_word' id='word_1_198' title='bbox 1057 1382 1139 1414; x_wconf 87' lang='lat' dir='ltr'>illud</span> <span class='ocrx_word' id='word_1_199' title='bbox 1153 1382 1337 1426; x_wconf 86' lang='lat' dir='ltr'>adjicientes</span> <span class='ocrx_word' id='word_1_200' title='bbox 1354 1383 1449 1415; x_wconf 89' lang='lat' dir='ltr'>Men-</span> 
     </span>
     <span class='ocr_line' id='line_1_23' title="bbox 115 1433 1446 1480; baseline 0.002 -15"><span class='ocrx_word' id='word_1_201' title='bbox 115 1434 287 1474; x_wconf 83' lang='lat' dir='ltr'>delsohnii,</span> <span class='ocrx_word' id='word_1_202' title='bbox 317 1445 381 1477; x_wconf 82' lang='lat' dir='ltr'>quo</span> <span class='ocrx_word' id='word_1_203' title='bbox 404 1433 529 1465; x_wconf 83' lang='lat' dir='ltr'>efficere</span> <span class='ocrx_word' id='word_1_204' title='bbox 551 1434 676 1466; x_wconf 87' lang='lat' dir='ltr'>studuit</span> <span class='ocrx_word' id='word_1_205' title='bbox 699 1434 844 1466; x_wconf 88' lang='lat' dir='ltr'>animum</span> <span class='ocrx_word' id='word_1_206' title='bbox 867 1446 933 1466; x_wconf 83' lang='lat' dir='ltr'>non</span> <span class='ocrx_word' id='word_1_207' title='bbox 951 1446 1018 1469; x_wconf 87' lang='lat' dir='ltr'>esse</span> <span class='ocrx_word' id='word_1_208' title='bbox 1042 1437 1180 1479; x_wconf 85' lang='lat' dir='ltr'>corporis</span> <span class='ocrx_word' id='word_1_209' title='bbox 1202 1437 1446 1480; x_wconf 86' lang='lat' dir='ltr'>proprietatem,</span> 
     </span>
     <span class='ocr_line' id='line_1_24' title="bbox 115 1487 1448 1534; baseline 0.002 -16"><span class='ocrx_word' id='word_1_210' title='bbox 115 1497 222 1530; x_wconf 85' lang='lat' dir='ltr'>neque</span> <span class='ocrx_word' id='word_1_211' title='bbox 242 1487 330 1527; x_wconf 84' lang='lat' dir='ltr'>ideo,</span> <span class='ocrx_word' id='word_1_212' title='bbox 358 1498 489 1530; x_wconf 86' lang='lat' dir='ltr'>corpore</span> <span class='ocrx_word' id='word_1_213' title='bbox 508 1487 627 1527; x_wconf 89' lang='lat' dir='ltr'>soluto,</span> <span class='ocrx_word' id='word_1_214' title='bbox 648 1488 746 1519; x_wconf 88' lang='lat' dir='ltr'>simul</span> <span class='ocrx_word' id='word_1_215' title='bbox 769 1487 896 1521; x_wconf 83' lang='lat' dir='ltr'>dissolvi</span> <span class='ocrx_word' id='word_1_216' title='bbox 916 1488 1042 1521; x_wconf 85' lang='lat' dir='ltr'>debere.</span> <span class='ocrx_word' id='word_1_217' title='bbox 1070 1490 1142 1521; x_wconf 88' lang='lat' dir='ltr'>Huc</span> <span class='ocrx_word' id='word_1_218' title='bbox 1161 1490 1260 1533; x_wconf 87' lang='lat' dir='ltr'>igitur</span> <span class='ocrx_word' id='word_1_219' title='bbox 1276 1489 1359 1521; x_wconf 88' lang='lat' dir='ltr'>redit</span> <span class='ocrx_word' id='word_1_220' title='bbox 1378 1489 1448 1534; x_wconf 79' lang='lat' dir='ltr'>ejus</span> 
     </span>
    </p>
   </div>
   <div class='ocr_carea' id='block_1_3' title="bbox 115 1599 1444 1710">
    <p class='ocr_par' dir='ltr' id='par_1_4' title="bbox 115 1599 1444 1710">
     <span class='ocr_line' id='line_1_25' title="bbox 176 1599 1441 1633; baseline 0.003 -12"><span class='ocrx_word' id='word_1_221' title='bbox 176 1599 210 1629; x_wconf 89' lang='lat'>(1)</span> <span class='ocrx_word' id='word_1_222' title='bbox 226 1599 288 1622; x_wconf 79' lang='lat' dir='ltr'>Sunt</span> <span class='ocrx_word' id='word_1_223' title='bbox 304 1599 355 1623; x_wconf 76' lang='lat' dir='ltr'>haec</span> <span class='ocrx_word' id='word_1_224' title='bbox 376 1605 516 1630; x_wconf 71' lang='lat' dir='ltr'>argumenta</span> <span class='ocrx_word' id='word_1_225' title='bbox 537 1605 617 1624; x_wconf 79' lang='lat' dir='ltr'>sumta</span> <span class='ocrx_word' id='word_1_226' title='bbox 635 1609 666 1624; x_wconf 76' lang='lat' dir='ltr'>ex</span> <span class='ocrx_word' id='word_1_227' title='bbox 689 1600 801 1625; x_wconf 78' lang='lat' dir='ltr'>Platonis</span> <span class='ocrx_word' id='word_1_228' title='bbox 817 1602 955 1631; x_wconf 73' lang='lat' dir='ltr'>Phaedone,</span> <span class='ocrx_word' id='word_1_229' title='bbox 975 1610 1002 1632; x_wconf 85' lang='lat' dir='ltr'>p.</span> <span class='ocrx_word' id='word_1_230' title='bbox 1024 1603 1053 1625; x_wconf 78' lang='lat'>54</span> <span class='ocrx_word' id='word_1_231' title='bbox 1072 1610 1126 1633; x_wconf 80' lang='lat' dir='ltr'>sq.,</span> <span class='ocrx_word' id='word_1_232' title='bbox 1149 1603 1211 1625; x_wconf 80' lang='lat' dir='ltr'>edit.</span> <span class='ocrx_word' id='word_1_233' title='bbox 1233 1603 1368 1633; x_wconf 74' lang='lat' dir='ltr'>Wytteub.</span> <span class='ocrx_word' id='word_1_234' title='bbox 1401 1603 1441 1625; x_wconf 76' lang='lat' dir='ltr'>Cf.</span> 
     </span>
     <span class='ocr_line' id='line_1_26' title="bbox 115 1638 1444 1673; baseline 0.003 -12"><span class='ocrx_word' id='word_1_235' title='bbox 115 1638 188 1661; x_wconf 72' lang='lat' dir='ltr'>otiam</span> <span class='ocrx_word' id='word_1_236' title='bbox 204 1639 256 1662; x_wconf 84' lang='lat' dir='ltr'>Cic.</span> <span class='ocrx_word' id='word_1_237' title='bbox 277 1640 351 1662; x_wconf 83' lang='lat' dir='ltr'>Tusc.</span> <span class='ocrx_word' id='word_1_238' title='bbox 378 1644 464 1671; x_wconf 68' lang='lat' dir='ltr'>quaest.</span> <span class='ocrx_word' id='word_1_239' title='bbox 487 1640 509 1663; x_wconf 81' lang='lat' dir='ltr'>l.</span> <span class='ocrx_word' id='word_1_240' title='bbox 528 1642 554 1663; x_wconf 75' lang='lat' dir='ltr'>L</span> <span class='ocrx_word' id='word_1_241' title='bbox 572 1649 598 1664; x_wconf 74' lang='lat' dir='ltr'>c.</span> <span class='ocrx_word' id='word_1_242' title='bbox 619 1649 648 1672; x_wconf 86' lang='lat'>29</span> <span class='ocrx_word' id='word_1_243' title='bbox 668 1645 692 1664; x_wconf 84' lang='lat' dir='ltr'>et</span> <span class='ocrx_word' id='word_1_244' title='bbox 707 1641 830 1672; x_wconf 78' lang='lat' dir='ltr'>imprimis</span> <span class='ocrx_word' id='word_1_245' title='bbox 849 1642 985 1672; x_wconf 81' lang='lat' dir='ltr'>Wyttenb.</span> <span class='ocrx_word' id='word_1_246' title='bbox 1007 1642 1033 1666; x_wconf 88' lang='lat' dir='ltr'>iu</span> <span class='ocrx_word' id='word_1_247' title='bbox 1052 1642 1117 1673; x_wconf 82' lang='lat' dir='ltr'>disp.</span> <span class='ocrx_word' id='word_1_248' title='bbox 1138 1642 1229 1672; x_wconf 51' lang='lat' dir='ltr'>laud„</span> <span class='ocrx_word' id='word_1_249' title='bbox 1251 1646 1309 1665; x_wconf 84' lang='lat' dir='ltr'>sect.</span> <span class='ocrx_word' id='word_1_250' title='bbox 1330 1642 1351 1665; x_wconf 97' lang='lat' dir='ltr'>V</span> <span class='ocrx_word' id='word_1_251' title='bbox 1371 1647 1395 1665; x_wconf 84' lang='lat' dir='ltr'>et</span> <span class='ocrx_word' id='word_1_252' title='bbox 1412 1642 1444 1664; x_wconf 85' lang='lat' dir='ltr'>ibi</span> 
     </span>
     <span class='ocr_line' id='line_1_27' title="bbox 116 1679 357 1710; baseline 0.004 -9"><span class='ocrx_word' id='word_1_253' title='bbox 116 1685 211 1710; x_wconf 80' lang='lat' dir='ltr'>argum.</span> <span class='ocrx_word' id='word_1_254' title='bbox 230 1679 357 1710; x_wconf 75' lang='lat' dir='ltr'>quintum.</span> 
     </span>
    </p>
   </div>
   <div class='ocr_carea' id='block_1_4' title="bbox 118 1728 1441 1800">
    <p class='ocr_par' dir='ltr' id='par_1_5' title="bbox 118 1728 1441 1800">
     <span class='ocr_line' id='line_1_28' title="bbox 175 1728 1441 1763; baseline 0.002 -12"><span class='ocrx_word' id='word_1_255' title='bbox 175 1728 219 1757; x_wconf 80' lang='lat'>(2)</span> <span class='ocrx_word' id='word_1_256' title='bbox 234 1728 295 1752; x_wconf 80' lang='lat' dir='ltr'>vid.</span> <span class='ocrx_word' id='word_1_257' title='bbox 308 1728 421 1752; x_wconf 74' lang='lat' dir='ltr'>Plotinus</span> <span class='ocrx_word' id='word_1_258' title='bbox 435 1729 548 1752; x_wconf 77' lang='lat' dir='ltr'>Enuead.</span> <span class='ocrx_word' id='word_1_259' title='bbox 562 1730 609 1753; x_wconf 88' lang='lat' dir='ltr'>IV.</span> <span class='ocrx_word' id='word_1_260' title='bbox 627 1730 673 1752; x_wconf 82' lang='lat' dir='ltr'>lib.</span> <span class='ocrx_word' id='word_1_261' title='bbox 691 1738 716 1760; x_wconf 94' lang='lat'>7.</span> <span class='ocrx_word' id='word_1_262' title='bbox 735 1738 791 1761; x_wconf 79' lang='lat' dir='ltr'>cap.</span> <span class='ocrx_word' id='word_1_263' title='bbox 810 1738 848 1753; x_wconf 83' lang='lat'>12.</span> <span class='ocrx_word' id='word_1_264' title='bbox 865 1739 922 1763; x_wconf 73' lang='lat' dir='ltr'>pag.</span> <span class='ocrx_word' id='word_1_265' title='bbox 937 1732 980 1755; x_wconf 79' lang='lat'>466</span> <span class='ocrx_word' id='word_1_266' title='bbox 998 1733 1031 1761; x_wconf 58' lang='grc' dir='ltr'>ὓς</span> <span class='ocrx_word' id='word_1_267' title='bbox 1050 1732 1112 1755; x_wconf 77' lang='lat' dir='ltr'>edit.</span> <span class='ocrx_word' id='word_1_268' title='bbox 1131 1732 1239 1756; x_wconf 79' lang='lat' dir='ltr'>Marsilio</span> <span class='ocrx_word' id='word_1_269' title='bbox 1253 1732 1348 1755; x_wconf 80' lang='lat' dir='ltr'>Ficino.</span> <span class='ocrx_word' id='word_1_270' title='bbox 1365 1731 1441 1755; x_wconf 73' lang='lat' dir='ltr'>Basil-</span> 
     </span>
     <span class='ocr_line' id='line_1_29' title="bbox 118 1766 760 1800; baseline 0.005 -11"><span class='ocrx_word' id='word_1_271' title='bbox 118 1766 188 1796; x_wconf 70' lang='lat'><strong>2580,</strong></span> <span class='ocrx_word' id='word_1_272' title='bbox 205 1767 301 1791; x_wconf 77' lang='lat' dir='ltr'>collatis</span> <span class='ocrx_word' id='word_1_273' title='bbox 316 1767 480 1792; x_wconf 80' lang='lat' dir='ltr'>Enuead.1V.</span> <span class='ocrx_word' id='word_1_274' title='bbox 501 1769 547 1792; x_wconf 79' lang='lat' dir='ltr'>lib.</span> <span class='ocrx_word' id='word_1_275' title='bbox 560 1777 587 1799; x_wconf 78' lang='lat'>7.</span> <span class='ocrx_word' id='word_1_276' title='bbox 605 1776 661 1800; x_wconf 81' lang='lat' dir='ltr'>cap.</span> <span class='ocrx_word' id='word_1_277' title='bbox 682 1775 706 1792; x_wconf 71' lang='grc' dir='ltr'>τε.</span> <span class='ocrx_word' id='word_1_278' title='bbox 721 1777 760 1800; x_wconf 85' lang='lat' dir='ltr'>sq.</span> 
     </span>
    </p>
   </div>
   <div class='ocr_carea' id='block_1_5' title="bbox 114 1816 1447 2089">
    <p class='ocr_par' dir='ltr' id='par_1_6' title="bbox 114 1816 1447 2089">
     <span class='ocr_line' id='line_1_30' title="bbox 175 1816 1447 1850; baseline 0.002 -11"><span class='ocrx_word' id='word_1_279' title='bbox 175 1816 225 1846; x_wconf 82' lang='grc'>(5),</span> <span class='ocrx_word' id='word_1_280' title='bbox 235 1816 271 1839; x_wconf 83' lang='lat' dir='ltr'>De</span> <span class='ocrx_word' id='word_1_281' title='bbox 288 1817 318 1840; x_wconf 80' lang='lat' dir='ltr'>iis</span> <span class='ocrx_word' id='word_1_282' title='bbox 332 1818 375 1848; x_wconf 84' lang='lat' dir='ltr'>qui</span> <span class='ocrx_word' id='word_1_283' title='bbox 390 1818 469 1841; x_wconf 81' lang='lat' dir='ltr'>animi</span> <span class='ocrx_word' id='word_1_284' title='bbox 483 1822 597 1841; x_wconf 66' lang='lat' dir='ltr'>natur-am</span> <span class='ocrx_word' id='word_1_285' title='bbox 613 1819 780 1849; x_wconf 83' lang='lat' dir='ltr'>incorpoream</span> <span class='ocrx_word' id='word_1_286' title='bbox 794 1820 894 1850; x_wconf 73' lang='lat' dir='ltr'>probare</span> <span class='ocrx_word' id='word_1_287' title='bbox 910 1820 1056 1844; x_wconf 72' lang='lat' dir='ltr'>studuerunt</span> <span class='ocrx_word' id='word_1_288' title='bbox 1071 1821 1126 1845; x_wconf 78' lang='lat' dir='ltr'>vid.</span> <span class='ocrx_word' id='word_1_289' title='bbox 1146 1825 1232 1850; x_wconf 73' lang='lat' dir='ltr'>praeter</span> <span class='ocrx_word' id='word_1_290' title='bbox 1248 1820 1304 1842; x_wconf 81' lang='lat' dir='ltr'>illos</span> <span class='ocrx_word' id='word_1_291' title='bbox 1320 1827 1382 1850; x_wconf 81' lang='lat' dir='ltr'>quos</span> <span class='ocrx_word' id='word_1_292' title='bbox 1393 1820 1447 1842; x_wconf 79' lang='lat' dir='ltr'>lau-</span> 
     </span>
     <span class='ocr_line' id='line_1_31' title="bbox 117 1855 1441 1891; baseline 0.002 -13"><span class='ocrx_word' id='word_1_293' title='bbox 117 1855 159 1879; x_wconf 70' lang='lat' dir='ltr'>dat</span> <span class='ocrx_word' id='word_1_294' title='bbox 173 1856 307 1886; x_wconf 78' lang='lat' dir='ltr'>Wyuenb.</span> <span class='ocrx_word' id='word_1_295' title='bbox 323 1857 348 1880; x_wconf 83' lang='lat' dir='ltr'>in</span> <span class='ocrx_word' id='word_1_296' title='bbox 358 1858 445 1881; x_wconf 78' lang='lat' dir='ltr'>scholis</span> <span class='ocrx_word' id='word_1_297' title='bbox 458 1859 568 1889; x_wconf 75' lang='lat' dir='ltr'>metaph.</span> <span class='ocrx_word' id='word_1_298' title='bbox 581 1859 594 1889; x_wconf 82' lang='lat'>§</span> <span class='ocrx_word' id='word_1_299' title='bbox 608 1867 648 1882; x_wconf 85' lang='lat'>10.</span> <span class='ocrx_word' id='word_1_300' title='bbox 668 1859 734 1883; x_wconf 70' lang='lat' dir='ltr'>Elias</span> <span class='ocrx_word' id='word_1_301' title='bbox 743 1860 834 1889; x_wconf 87' lang='lat' dir='ltr'>Luzac,</span> <span class='ocrx_word' id='word_1_302' title='bbox 850 1861 966 1884; x_wconf 86' lang='lat' dir='ltr'>l&#39;homme</span> <span class='ocrx_word' id='word_1_303' title='bbox 980 1861 1035 1891; x_wconf 83' lang='lat' dir='ltr'>plus</span> <span class='ocrx_word' id='word_1_304' title='bbox 1047 1868 1092 1891; x_wconf 82' lang='lat' dir='ltr'>que</span> <span class='ocrx_word' id='word_1_305' title='bbox 1106 1860 1228 1882; x_wconf 79' lang='lat' dir='ltr'>machine.</span> <span class='ocrx_word' id='word_1_306' title='bbox 1243 1859 1358 1891; x_wconf 71' lang='lat' dir='ltr'>Go&#39;ning.</span> <span class='ocrx_word' id='word_1_307' title='bbox 1373 1860 1441 1889; x_wconf 81' lang='lat'>1755.</span> 
     </span>
     <span class='ocr_line' id='line_1_32' title="bbox 116 1895 1444 1932; baseline 0.002 -14"><span class='ocrx_word' id='word_1_308' title='bbox 116 1895 244 1924; x_wconf 73' lang='lat' dir='ltr'>Bouilfier,</span> <span class='ocrx_word' id='word_1_309' title='bbox 263 1896 344 1919; x_wconf 73' lang='lat' dir='ltr'>lettres</span> <span class='ocrx_word' id='word_1_310' title='bbox 362 1905 402 1920; x_wconf 86' lang='lat' dir='ltr'>sur</span> <span class='ocrx_word' id='word_1_311' title='bbox 419 1898 444 1921; x_wconf 83' lang='lat' dir='ltr'>la</span> <span class='ocrx_word' id='word_1_312' title='bbox 461 1903 547 1922; x_wconf 76' lang='lat' dir='ltr'>nature</span> <span class='ocrx_word' id='word_1_313' title='bbox 564 1899 593 1922; x_wconf 81' lang='lat' dir='ltr'>de</span> <span class='ocrx_word' id='word_1_314' title='bbox 607 1899 691 1928; x_wconf 68' lang='lat' dir='ltr'>Fame,</span> <span class='ocrx_word' id='word_1_315' title='bbox 710 1908 768 1932; x_wconf 84' lang='lat' dir='ltr'>pag.</span> <span class='ocrx_word' id='word_1_316' title='bbox 788 1901 832 1923; x_wconf 85' lang='lat'>242</span> <span class='ocrx_word' id='word_1_317' title='bbox 848 1908 904 1931; x_wconf 78' lang='lat' dir='ltr'>sqq.</span> <span class='ocrx_word' id='word_1_318' title='bbox 926 1901 961 1923; x_wconf 75' lang='lat' dir='ltr'>R.</span> <span class='ocrx_word' id='word_1_319' title='bbox 984 1901 1087 1928; x_wconf 57' lang='lat' dir='ltr'>Bastar,</span> <span class='ocrx_word' id='word_1_320' title='bbox 1109 1899 1211 1930; x_wconf 83' lang='lat' dir='ltr'>inquiry</span> <span class='ocrx_word' id='word_1_321' title='bbox 1230 1899 1282 1922; x_wconf 80' lang='lat' dir='ltr'>into</span> <span class='ocrx_word' id='word_1_322' title='bbox 1300 1900 1339 1922; x_wconf 73' lang='lat' dir='ltr'>the</span> <span class='ocrx_word' id='word_1_323' title='bbox 1358 1904 1444 1922; x_wconf 80' lang='lat' dir='ltr'>nature</span> 
     </span>
     <span class='ocr_line' id='line_1_33' title="bbox 116 1934 1442 1970; baseline 0.004 -14"><span class='ocrx_word' id='word_1_324' title='bbox 116 1934 145 1956; x_wconf 83' lang='lat' dir='ltr'>of</span> <span class='ocrx_word' id='word_1_325' title='bbox 159 1934 252 1957; x_wconf 83' lang='lat' dir='ltr'>human</span> <span class='ocrx_word' id='word_1_326' title='bbox 269 1936 322 1958; x_wconf 84' lang='lat' dir='ltr'>soul</span> <span class='ocrx_word' id='word_1_327' title='bbox 336 1936 444 1960; x_wconf 81' lang='lat' dir='ltr'>wherein</span> <span class='ocrx_word' id='word_1_328' title='bbox 461 1938 500 1960; x_wconf 77' lang='lat' dir='ltr'>the</span> <span class='ocrx_word' id='word_1_329' title='bbox 516 1938 703 1970; x_wconf 77' lang='lat' dir='ltr'>immateriality</span> <span class='ocrx_word' id='word_1_330' title='bbox 715 1940 743 1963; x_wconf 82' lang='lat' dir='ltr'>of</span> <span class='ocrx_word' id='word_1_331' title='bbox 757 1940 796 1963; x_wconf 81' lang='lat' dir='ltr'>the</span> <span class='ocrx_word' id='word_1_332' title='bbox 811 1940 868 1963; x_wconf 65' lang='lat'><strong>³0:11⁵</strong></span> <span class='ocrx_word' id='word_1_333' title='bbox 876 1940 897 1962; x_wconf 72' lang='lat' dir='ltr'>is</span> <span class='ocrx_word' id='word_1_334' title='bbox 909 1940 1021 1963; x_wconf 81' lang='lat' dir='ltr'>evinced.</span> <span class='ocrx_word' id='word_1_335' title='bbox 1038 1939 1156 1965; x_wconf 82' lang='lat' dir='ltr'>Loudon,</span> <span class='ocrx_word' id='word_1_336' title='bbox 1173 1939 1242 1967; x_wconf 75' lang='lat'>1750.</span> <span class='ocrx_word' id='word_1_337' title='bbox 1264 1939 1333 1961; x_wconf 77' lang='lat' dir='ltr'>Hub.</span> <span class='ocrx_word' id='word_1_338' title='bbox 1346 1939 1442 1968; x_wconf 75' lang='lat' dir='ltr'>Hayes,</span> 
     </span>
     <span class='ocr_line' id='line_1_34' title="bbox 114 1974 1443 2010; baseline 0.002 -14"><span class='ocrx_word' id='word_1_339' title='bbox 114 1974 139 1996; x_wconf 76' lang='lat' dir='ltr'>la</span> <span class='ocrx_word' id='word_1_340' title='bbox 154 1975 304 2005; x_wconf 53' lang='lat' dir='ltr'>spirituali&amp;</span> <span class='ocrx_word' id='word_1_341' title='bbox 313 1980 337 1998; x_wconf 77' lang='lat' dir='ltr'>et</span> <span class='ocrx_word' id='word_1_342' title='bbox 350 1976 524 2000; x_wconf 59' lang='lat' dir='ltr'>mmmm-tante</span> <span class='ocrx_word' id='word_1_343' title='bbox 539 1979 568 2001; x_wconf 76' lang='lat' dir='ltr'>de</span> <span class='ocrx_word' id='word_1_344' title='bbox 584 1979 665 2002; x_wconf 67' lang='lat' dir='ltr'>l&#39;ame.</span> <span class='ocrx_word' id='word_1_345' title='bbox 686 1980 770 2009; x_wconf 77' lang='lat' dir='ltr'>Paris,</span> <span class='ocrx_word' id='word_1_346' title='bbox 789 1980 859 2010; x_wconf 83' lang='lat'>1757,</span> <span class='ocrx_word' id='word_1_347' title='bbox 878 1984 940 2002; x_wconf 81' lang='lat' dir='ltr'>tom.</span> <span class='ocrx_word' id='word_1_348' title='bbox 961 1979 1014 2001; x_wconf 72' lang='lat'>111.</span> <span class='ocrx_word' id='word_1_349' title='bbox 1035 1978 1069 2001; x_wconf 92' lang='lat' dir='ltr'>O.</span> <span class='ocrx_word' id='word_1_350' title='bbox 1091 1979 1123 2001; x_wconf 69' lang='lat' dir='ltr'>B.</span> <span class='ocrx_word' id='word_1_351' title='bbox 1147 1985 1195 2002; x_wconf 87' lang='lat' dir='ltr'>von</span> <span class='ocrx_word' id='word_1_352' title='bbox 1212 1978 1321 2007; x_wconf 81' lang='lat' dir='ltr'>Brocke,</span> <span class='ocrx_word' id='word_1_353' title='bbox 1344 1979 1443 2000; x_wconf 75' lang='lat' dir='ltr'>materie</span> 
     </span>
     <span class='ocr_line' id='line_1_35' title="bbox 116 2014 1442 2049; baseline 0.003 -13"><span class='ocrx_word' id='word_1_354' title='bbox 116 2014 167 2037; x_wconf 81' lang='lat' dir='ltr'>und</span> <span class='ocrx_word' id='word_1_355' title='bbox 181 2015 254 2045; x_wconf 71' lang='lat' dir='ltr'>geist,</span> <span class='ocrx_word' id='word_1_356' title='bbox 268 2019 316 2038; x_wconf 81' lang='lat' dir='ltr'>etc.</span> <span class='ocrx_word' id='word_1_357' title='bbox 336 2015 463 2045; x_wconf 61' lang='lat' dir='ltr'>Drasdea,</span> <span class='ocrx_word' id='word_1_358' title='bbox 481 2018 550 2047; x_wconf 76' lang='lat'>1785.</span> <span class='ocrx_word' id='word_1_359' title='bbox 570 2019 613 2042; x_wconf 79' lang='lat' dir='ltr'>Fr.</span> <span class='ocrx_word' id='word_1_360' title='bbox 633 2019 827 2049; x_wconf 72' lang='lat' dir='ltr'>Hemslethuy3‚</span> <span class='ocrx_word' id='word_1_361' title='bbox 849 2025 943 2042; x_wconf 78' lang='lat' dir='ltr'>oeuvres</span> <span class='ocrx_word' id='word_1_362' title='bbox 955 2018 1050 2048; x_wconf 74' lang='lat' dir='ltr'>philos.</span> <span class='ocrx_word' id='word_1_363' title='bbox 1068 2017 1156 2047; x_wconf 69' lang='lat' dir='ltr'>Paris,</span> <span class='ocrx_word' id='word_1_364' title='bbox 1177 2026 1248 2048; x_wconf 76' lang='lat'>¹792-</span> <span class='ocrx_word' id='word_1_365' title='bbox 1269 2018 1301 2041; x_wconf 69' lang='lat' dir='ltr'>C.</span> <span class='ocrx_word' id='word_1_366' title='bbox 1321 2018 1442 2045; x_wconf 79' lang='lat' dir='ltr'>Meiners,</span> 
     </span>
     <span class='ocr_line' id='line_1_36' title="bbox 114 2053 1441 2089; baseline 0.002 -13"><span class='ocrx_word' id='word_1_367' title='bbox 114 2053 326 2085; x_wconf 70' lang='lat' dir='ltr'>untersuchungen</span> <span class='ocrx_word' id='word_1_368' title='bbox 343 2055 402 2079; x_wconf 69' lang='lat' dir='ltr'>iiber</span> <span class='ocrx_word' id='word_1_369' title='bbox 416 2055 456 2079; x_wconf 72' lang='lat' dir='ltr'>die</span> <span class='ocrx_word' id='word_1_370' title='bbox 471 2056 546 2080; x_wconf 78' lang='lat' dir='ltr'>denk-</span> <span class='ocrx_word' id='word_1_371' title='bbox 560 2057 613 2081; x_wconf 78' lang='lat' dir='ltr'>und</span> <span class='ocrx_word' id='word_1_372' title='bbox 625 2058 814 2082; x_wconf 64' lang='lat' dir='ltr'>walens-haste</span> <span class='ocrx_word' id='word_1_373' title='bbox 829 2058 872 2082; x_wconf 75' lang='lat' dir='ltr'>des</span> <span class='ocrx_word' id='word_1_374' title='bbox 887 2057 1032 2082; x_wconf 40' lang='lat' dir='ltr'>menschen*</span> <span class='ocrx_word' id='word_1_375' title='bbox 1043 2056 1158 2089; x_wconf 62' lang='lat' dir='ltr'>Gotting.</span> <span class='ocrx_word' id='word_1_376' title='bbox 1168 2074 1178 2087; x_wconf 69' lang='lat'><em>,</em></span> <span class='ocrx_word' id='word_1_377' title='bbox 1197 2057 1267 2086; x_wconf 69' lang='lat'>18065</span> <span class='ocrx_word' id='word_1_378' title='bbox 1290 2057 1334 2080; x_wconf 79' lang='lat' dir='ltr'>alii</span> <span class='ocrx_word' id='word_1_379' title='bbox 1348 2056 1441 2087; x_wconf 69' lang='lat' dir='ltr'>piures.</span> 
     </span>
    </p>
   </div>
  </div>
 </body>
</html>
