1747 2620
874 315 885 358 (
910 315 950 355 35
976 314 986 356 )

310 396 467 427 Praeterea
488 393 540 424 alii
561 403 689 436 quoque
710 391 873 423 constituti
893 396 969 422 sunt
988 389 1098 432 populi
1124 388 1246 431 Belgici
1266 386 1474 426 mandatarii,
1500 386 1598 418 Ordi-

266 461 346 481 num
367 447 610 492 provincialium
628 447 756 477 nomine
771 444 928 487 insigniti,
945 445 999 486 qui
1022 455 1083 474 non
1098 442 1136 473 ad
1153 447 1339 485 potestatem
1356 440 1597 484 legislatoriam,

266 503 320 534 sed
341 503 380 534 ad
400 501 571 545 peculiaria
593 499 737 543 qnaedani
759 498 885 540 imperii
905 497 976 541 jura
998 497 1031 527 in
1055 496 1110 528 sna
1132 495 1296 539 provincia
1315 495 1492 527 exercenda
1519 506 1599 526 con-

267 546 418 595 currunt,
448 555 609 598 hujusque
631 551 895 584 administrationi
916 556 1079 593 praesunt,
1110 557 1142 581 et
1168 562 1306 593 quornm
1332 561 1420 581 cnrae
1449 549 1599 581 relictum

266 616 329 649 est,
351 615 387 641 ut
407 621 458 640 eos
478 609 596 651 eligant
616 607 672 650 qui
694 606 851 649 populum
869 606 902 636 iu
924 604 1074 636 ordinum
1095 605 1293 648 generalium
1320 605 1455 636 comitiis
1478 615 1600 647 reprae-

265 669 400 694 sentent.
433 663 526 694 Hisce
546 662 782 705 provinciarum
805 658 968 691 ordinibus
989 658 1111 690 accedit
1131 658 1219 690 aliud
1239 660 1334 690 etiam
1358 669 1459 701 genus
1478 669 1598 701 reprae—

265 718 458 748 sentantium
480 716 608 759 populi,
631 715 747 758 quibus
762 714 892 746 urbium
909 714 1137 745 administratio
1153 719 1200 745 est
1216 713 1417 745 demandata.

309 771 352 814 2)
382 772 521 802 Potestas
543 769 708 811 judiciaria
731 768 864 811 aliaeque
886 767 1010 810 plureS,
1031 779 1095 799 non
1116 767 1154 798 ab
1174 768 1241 810 ipso
1262 778 1354 810 rege,
1377 766 1432 798 sed
1446 778 1463 797 a
1479 766 1597 809 magis-

264 824 398 856 tratibus
417 824 558 855 exerceri
580 823 713 863 debent,
735 828 830 864 atque
851 821 922 866 jure
944 832 1117 852 munerum
1139 821 1360 863 publicorum,
1382 820 1523 863 exceptis
1544 820 1597 850 in—

264 878 453 922 signioribus
474 877 684 921 quibusdam,
706 887 816 907 omnes
834 875 957 918 Belgae,
981 875 1073 907 modo
1098 874 1211 906 debitis
1230 874 1436 917 qualitatibus
1453 873 1596 917 praediti,

264 932 430 963 fruuntur.

307 986 350 1028 3)
378 984 502 1015 Summi
536 984 615 1025 reip.
642 982 779 1013 ministri
804 986 935 1023 propter
965 980 1078 1010 delicta
1104 981 1137 1010 in
1171 980 1391 1012 functionibus
1418 980 1483 1012 suis
1508 991 1597 1011 com-

263 1039 353 1070 missa
378 1039 411 1068 in
438 1038 670 1068 accusationem
699 1035 814 1066 deduci
839 1039 871 1065 et
896 1033 1005 1076 puniri
1030 1038 1179 1075 possunt3
1214 1043 1326 1064 verum
1356 1039 1393 1063 ut
1417 1033 1499 1063 illud
1523 1034 1598 1071 siat,

263 1092 437 1124 necessario
452 1091 641 1134 requiritur,
663 1095 699 1121 ut
721 1088 880 1120 Ordinum
898 1085 1106 1118 Generalium
1122 1086 1294 1116 auctoritas
1308 1084 1347 1116 ad
1363 1086 1598 1117 accusationem

263 1146 402 1177 accedat.

307 1201 413 1243 Atque
428 1199 504 1230 hinc
519 1197 569 1242 jus
586 1197 757 1240 Belgarum
774 1196 941 1239 politicum
957 1194 1025 1226 fere
1042 1194 1225 1225 continetur
1238 1189 1596 1237 jure'szlffi'agiorum,

262 1254 295 1285 h.
317 1266 345 1285 e.
371 1254 441 1297 jure
460 1252 598 1295 eligendi
620 1251 844 1289 mandatarios,
870 1250 926 1293 qui
950 1248 1107 1292 populum
1130 1248 1299 1291 Belgicum
1320 1248 1387 1280 sive
1410 1248 1443 1278 in
1466 1246 1598 1278 urbium

262 1308 552 1345 administratione,
579 1306 644 1337 sive
668 1306 701 1336 in
727 1305 887 1336 Ordinum
911 1303 1158 1347 provincialium
1183 1303 1319 1334 comitiis
1346 1306 1598 1345 repraesentent,

262 1374 297 1393 ac
321 1362 392 1406 jure
413 1371 582 1391 munerum
598 1360 811 1401 publicorum
837 1358 1063 1402 gerendorum.

303 1457 395 1488 XIX.
428 1457 508 1489 Jure
536 1463 644 1488 autem
667 1455 797 1498 publico
821 1454 952 1497 Belgico
977 1453 1047 1497 jura
1074 1453 1127 1484 illa
1150 1453 1278 1495 politica
1301 1453 1342 1483 iis>
1364 1458 1489 1483 tantum
1519 1464 1598 1483 con-

261 1522 343 1543 cessa
368 1517 458 1550 sunt,
492 1511 549 1553 qui
572 1510 623 1542 vel
651 1509 758 1551 Belgae
783 1508 945 1550 indigenae
966 1512 1057 1546 sunt,
1086 1506 1136 1537 vel
1162 1506 1236 1536 tales
1261 1505 1443 1544 habentur,
1468 1506 1535 1537 sive
1557 1517 1596 1537 ex

260 1564 537 1604 naturalisatione,
564 1564 630 1595 sive
657 1563 735 1605 legis
760 1562 936 1601 beneficio,
970 1560 1062 1592 modo
1096 1560 1228 1603 reliquis
1260 1559 1496 1591 conditionibus
1525 1560 1597 1603 lege

261 1619 420 1661 requisitis
440 1619 501 1649 sint
520 1617 657 1660 praediti.
686 1617 853 1647 Extraneis
874 1616 973 1658 igitur
990 1614 1138 1646 omnibus
1159 1613 1314 1655 denegata
1335 1618 1426 1652 sunt,
1446 1614 1542 1645 etiam
1559 1614 1597 1645 iis

262 1672 317 1714 qui
334 1671 528 1702 conditiones
548 1671 659 1702 futuro
678 1670 793 1701 Codice
808 1669 937 1713 Belgico
953 1669 1120 1712 requisitas
1134 1666 1382 1710 adimpleverint
1401 1666 1461 1709 (1).

304 1769 381 1799 XX.
413 1768 490 1799 Jura
511 1768 679 1811 hucusque
699 1767 870 1810 descripta,
892 1767 984 1810 regni
1006 1765 1128 1809 Belgici
1149 1764 1283 1797 subditis
1303 1764 1408 1795 omnia
1430 1763 1483 1794 illa
1505 1775 1596 1795 com-

261 1823 351 1854 moda
373 1829 538 1865 praestant,
563 1834 634 1865 quae
656 1828 786 1865 possunt
807 1834 822 1852 a
844 1822 972 1853 civitate
1004 1820 1109 1852 nostra
1131 1819 1201 1863 jure
1227 1818 1414 1861 exspectari.
1443 1818 1595 1849 Personas

261 1878 346 1908 enim
368 1883 463 1919 atque
485 1877 565 1908 hona
584 1877 733 1909 adversus
751 1877 813 1908 vim
830 1882 863 1907 et
878 1875 1020 1907 laesiones
1038 1879 1187 1913 tuentur,
1210 1883 1388 1915 eorumque
1408 1871 1594 1914 complexus

305 2010 338 2040 (1)
357 2010 412 2033 Art.
433 2010 511 2033 6-11.
534 2012 563 2033 L.
588 2012 669 2034 Fund.
690 2012 775 2035 Edicta
792 2012 922 2035 civitatum
940 2011 1034 2038 rumh,
1054 2010 1165 2039 urbium,
1186 2009 1398 2040 provinciarumq.
1421 2008 1591 2032 administrat.

259 2051 370 2074 universe
389 2051 541 2074 ordinantia.
560 2052 653 2075 Decisio
670 2053 733 2083 regia
750 2062 777 2075 22
792 2053 903 2076 Octobris
918 2053 974 2076 1822
990 2051 1117 2075 continens
1130 2049 1356 2080 interpretationem
1372 2049 1486 2072 authent.
1503 2052 1551 2071 art.
1565 2056 1590 2070 2.

259 2092 331 2114 edicti
351 2092 447 2114 urbium
463 2092 700 2115 administrationem
722 2093 870 2117 ordinantis.
899 2094 960 2123 Quae
979 2093 1067 2116 decisio
1084 2091 1184 2122 reperiri
1201 2095 1279 2121 potest
1294 2090 1321 2113 in
1336 2090 1444 2113 Recueil
1460 2090 1503 2112 des
1514 2089 1593 2115 LoiS,

258 2136 302 2154 είς.
321 2140 350 2155 en
368 2134 475 2162 viguezcr
488 2133 548 2156 dans
565 2133 587 2156 le
606 2134 737 2164 Royaume
755 2134 796 2156 des
816 2135 965 2164 Pars-Bas,
988 2135 1034 2157 3²¹0
1051 2133 1127 2159 se'rl‘e,
1143 2139 1202 2162 [mg-
1219 2132 1277 2158 331,
1295 2134 1359 2154 tome
1374 2130 1426 2153 IX*
