1747 2620
738 268 750 311 (
773 270 811 309 41
840 269 851 311 )

125 345 265 377 videtur.
288 345 393 388 Igneae
414 350 511 388 atque
528 342 674 376 rotundae
692 343 858 386 particulae
879 344 904 374 si
923 345 1131 388 respiratione
1147 346 1354 389 egrediantur
1371 357 1466 393 atque

126 399 325 430 extrinsecus
351 398 524 430 adveniant
551 397 640 437 aliae,
668 398 808 428 animam
834 397 943 438 alunt3
970 399 1125 443 dissipatis
1150 412 1225 432 vero
1248 403 1285 432 iis
1312 405 1466 437 morimur

127 459 160 484 et
181 452 347 483 nobiscum
369 452 454 494 perit
476 452 581 482 anima
605 451 662 493 (1).
691 451 779 483 Idem
804 452 914 483 docuit
934 454 1094 496 Epicurus
1118 461 1150 486 et
1174 457 1228 499 qui
1256 456 1325 500 ejus
1348 458 1468 490 doctri-

126 518 201 537 nam
223 512 256 537 et
273 507 411 537 rationes
431 506 579 548 exposuit
599 506 781 537 Lucretius
807 507 961 538 Animum
984 508 1164 540 humanum
1186 521 1225 541 ex
1244 510 1368 543 duabus
1389 525 1468 544 con—

126 566 209 591 stare
225 559 384 603 partibus,
401 560 508 590 animo
523 565 556 591 et
570 560 692 599 anima,
710 560 828 600 voluit,
851 567 990 604 utraque
1009 569 1117 594 autem
1137 576 1298 607 corporea.
1320 566 1468 599 Nascitur

125 614 178 645 illa
214 625 288 645 cum
317 625 471 657 corpore,
500 620 598 657 atque
629 626 702 646 cum
730 616 923 646 tenuissimis
948 627 989 647 ex
1019 618 1216 660 corpusculis
1243 620 1282 650 sit
1309 621 1466 663 conflata,

124 667 221 700 simul
243 679 373 711 quoque
390 680 464 700 cum
482 680 614 712 corpore
630 669 781 700 dissoluto
798 670 863 712 ipsa
880 670 996 701 diffluit
1012 677 1043 701 et
1060 673 1143 714 perit
1158 673 1215 715 (2).
1238 674 1334 705 Stoici
1352 677 1465 717 etiam,

125 723 248 766 quique
275 722 430 754 familiam
452 723 486 753 in
512 723 549 753 iis
574 723 720 762 ducunt,
747 724 833 754 Zeno
855 723 1006 763 Citticus,
1034 725 1219 767 Cleanthes,
1248 728 1466 772 Chrysippus,

124 777 194 808 fere
225 788 335 808 omnes
364 778 509 808 animum
542 788 732 819 corporeum
766 777 954 809 habuerunt
982 785 1078 822 atque
1106 792 1144 812 ex
1171 783 1272 824 igneis
1301 785 1467 826 particulis

125 830 310 862 conflatum.
338 831 450 874 Itaque
476 830 529 862 alii
554 837 737 863 statuerunt
762 843 837 864 eum
861 834 966 864 statim
992 840 1063 877 post
1081 841 1216 867 mortem
1236 837 1387 878 interire,
1413 839 1467 871 alii

124 896 291 916 remanere
311 884 442 928 quidem
464 891 535 928 post
551 891 704 926 mortem,
727 898 790 917 nou
814 893 922 918 tamen
944 899 1070 931 semper
1089 890 1146 932 (3).
1173 891 1243 934 Ipse
1263 893 1358 924 etiam
1378 894 1468 925 Aris-

123 940 236 971 toteles
256 940 315 971 etsi
334 940 448 971 animis
470 940 641 982 quamdam
665 942 915 983 perpetuitatem
938 942 1168 985 adsignaverit,
1186 945 1342 989 ejusmodi
1359 954 1468 981 tamen

124 1005 194 1024 eam
215 994 326 1024 statuit
346 1004 418 1035 quae
438 994 541 1024 omnis
565 994 765 1036 cogitationis
785 1000 817 1025 et
836 1006 947 1026 sensus
968 998 1008 1027 sit
1026 1008 1156 1040 expers3
1184 1001 1262 1042 quin
1285 1002 1379 1033 etiam
1399 1003 1467 1034 aliis

124 1047 200 1078 locis
222 1048 352 1078 omnino
377 1047 499 1077 animos
526 1047 674 1078 mortales
700 1047 848 1078 habuisse
869 1048 998 1081 videtur
1021 1050 1079 1092 (4).
1116 1052 1194 1084 Inde
1221 1054 1353 1096 plurimi
1378 1057 1467 1099 iique

125 1100 297 1131 doctissimi
320 1100 379 1131 viri
402 1105 547 1129 asserunt
568 1110 642 1134 eum
666 1102 779 1131 animis
807 1108 839 1132 et
863 1103 1084 1146 incorpoream
1106 1112 1255 1139 naturam
1280 1115 1312 1139 et
1331 1110 1468 1142 immor—

122 1153 276 1184 talitatem
297 1153 427 1183 omnino
445 1152 615 1196 denegasse
631 1153 688 1196 (5).
711 1155 738 1185 E
753 1156 974 1198 Peripateticis
989 1158 1198 1192 Aristoxenus
1216 1167 1248 1192 et
1261 1162 1467 1196 Dicaearchus

123 1207 267 1238 animum
297 1206 379 1237 nihil
405 1218 471 1239 esse
501 1208 562 1238 nisi
592 1209 732 1251 corporis
759 1211 923 1242 actionum
951 1219 1144 1245 concentum
1174 1216 1240 1247 sive
1265 1216 1466 1251 harmoniam

103 1260 336 1300 censuerunt,
360 1272 432 1303 quae
452 1272 607 1293 sensuum
631 1262 885 1295 conformatione
907 1265 959 1297 vel
979 1272 1103 1299 naturae
1125 1271 1357 1312 temperatione
1376 1285 1467 1304 com-

121 1315 264 1358 ponitur.
293 1315 471 1346 Destructis
496 1316 597 1358 igitur
624 1317 749 1359 organis
776 1319 955 1360 corporeis,
984 1321 1068 1363 perit
1093 1323 1195 1353 omnis
1220 1323 1406 1367 harmonia,
1434 1334 1467 1359 et

121 1369 265 1408 animm,
287 1380 406 1400 nomen
427 1375 553 1401 tantum
574 1370 687 1409 inane,
713 1370 812 1402 simul
833 1372 971 1404 intereat
995 1385 1124 1407 necesse
1145 1382 1192 1407 est
1213 1378 1271 1420 (6).

165 1424 193 1454 Ε
213 1423 362 1454 Romanis
378 1422 494 1454 deinde
517 1423 714 1467 philosophis
732 1431 849 1468 praeter
869 1428 1077 1470 Lucretium,
1102 1431 1169 1474 ipse
1185 1432 1239 1464 ille
1260 1433 1299 1465 (le
1315 1446 1378 1477 quo
1399 1435 1465 1479 jam

82 1498 85 1505 .
121 1483 212 1509 antea
234 1476 391 1515 vidimus,
412 1477 532 1509 Seneca
553 1489 618 1510 non
638 1490 765 1523 semper
785 1480 843 1512 sibi
865 1488 997 1514 constat.
1020 1484 1077 1515 Ille
1101 1487 1187 1517 enim
1210 1498 1283 1518 cum
1307 1490 1423 1530 partim
1447 1502 1465 1521 a

124 1530 234 1562 Stoicis
259 1531 375 1573 partim
402 1531 442 1562 'ab
470 1531 538 1562 aliis
564 1532 830 1577 philosophorum
857 1537 949 1567 sectis
980 1549 1036 1569 sua
1061 1538 1178 1581 placita
1202 1540 1365 1582 hauserit,
1400 1553 1465 1575 non

573 1607 1465 1625 Ἣ,-

183 1645 225 1674 (ι)
241 1644 281 1667 Cf.
298 1644 376 1667 Arist,
399 1645 419 1668 l.
434 1647 457 1668 I.
475 1654 497 1668 c.
515 1654 539 1674 25
560 1646 619 1677 quid
634 1656 707 1678 porro
721 1649 749 1671 de
762 1649 883 1680 Leucippo
898 1656 983 1674 narrat
995 1652 1261 1684 Pseudo-Plutarchus,
1274 1655 1303 1678 de
1313 1657 1378 1687 plac.
1396 1658 1462 1688 phil.

122 1685 142 1708 l.
161 1685 197 1708 V.
218 1694 239 1708 c.
261 1686 303 1714 25,
325 1693 380 1709 eum
401 1686 511 1710 statuisse
528 1693 631 1711 mortem
650 1689 728 1712 solum
748 1698 834 1720 corpus
853 1691 958 1721 afficere,
979 1700 1029 1716 nou
1046 1694 1171 1722 animum,
1191 1703 1245 1718 cuin
1267 1697 1380 1720 universa
1398 1699 1465 1721 illius

122 1725 232 1748 doctrina
243 1731 349 1757 pugnat,
362 1731 522 1757 praeterquam
533 1729 598 1758 quod
612 1729 765 1753 Democritus
777 1731 802 1753 in
814 1732 927 1755 omnibus
937 1741 992 1755 eum
1002 1739 1108 1757 secutum
1119 1735 1191 1765 plane
1203 1738 1352 1760 contrarium
1363 1740 1461 1762 statuit.

184 1767 228 1796 (2)
244 1767 285 1790 Cf.
305 1767 444 1797 Lucretius,
469 1768 497 1791 de
516 1777 596 1792 rerum
617 1775 720 1800 natura,
739 1772 760 1794 1.
782 1774 832 1795 III.
854 1781 892 1797 vs.
918 1774 960 1796 168
975 1779 999 1797 et
1014 1775 1144 1805 426-4453
1166 1776 1241 1808 Diog.
1260 1778 1362 1808 Laese,
1381 1780 1401 1802 1.
1424 1781 1460 1803 X.

125 1812 199 1835 segni.
221 1806 261 1834 653
281 1807 349 1830 Plut.
368 1808 397 1831 de
413 1809 478 1839 plac.
497 1810 579 1840 phil„
598 1811 618 1833 l.
639 1811 686 1835 IV.
707 1820 729 1835 c.
749 1813 775 1836 3.

187 1846 230 1874 (5)
245 1847 295 1869 Cic.
314 1849 384 1871 acad.
405 1855 492 1880 quaest.
510 1851 530 1873 1.
550 1852 573 1873 1.
593 1859 617 1874 c.
635 1853 671 1874 11.
694 1853 723 1875 de
738 1858 793 1876 nat.
814 1854 881 1877 deor.
902 1855 922 1878 1.
943 1857 993 1878 111.
1016 1865 1039 1879 c.
1056 1857 1093 1879 14.
1112 1857 1186 1880 Tusc.
1202 1862 1288 1888 quaest.
1309 1859 1367 1883 l.1.
1384 1862 1461 1884 c.31.

125 1885 245 1915 διώκω,
263 1887 308 1910 ecl.
329 1889 404 1919 phys.
425 1890 445 1912 l.
467 1892 491 1920 1,
509 1891 549 1914 52.
568 1891 608 1915 Cf.
631 1892 659 1915 de
674 1893 704 1916 iis
721 1894 834 1924 inprimis
852 1896 941 1926 Wytt.
963 1896 1028 1927 disp.
1047 1897 1118 1920 laud.
1140 1905 1198 1928 pag.
1217 1906 1258 1928 77.

186 1928 219 1956 (4)
237 1927 314 1950 Arist.
336 1929 419 1953 Ethic.
441 1931 471 1954 ad
487 1932 587 1956 Nicom.
608 1933 628 1956 l.
650 1936 700 1957 ΙΙΙ.
723 1943 746 1957 c.
766 1943 791 1965 9.

184 1968 217 1996 (5)
234 1967 274 1990 Cf.
295 1968 405 1999 Vossius,
428 1971 456 1993 de
471 1972 563 2003 origine
580 1973 712 2003 idolatriae,
732 1975 752 1997 1.
768 1977 790 1997 I.
809 1983 832 1998 e.
849 1983 887 1998 ιο.
909 1976 1058 1999 Moshemius
1074 1976 1104 2000 ad
1118 1977 1273 2002 Cudworthii
1291 1985 1355 2011 syst.
1377 1981 1459 2004 intell.

122 2007 154 2030 T.
177 2009 214 2030 11.
237 2016 265 2038 p.
286 2017 342 2039 ¹¹72
358 2017 396 2040 sq.
414 2011 478 2034 Con.
500 2017 518 2035 t.
539 2015 561 2036 Ι.
582 2023 609 2044 p.
628 2015 668 2038 66.
688 2015 803 2047 Origenes
819 2020 904 2039 eontra
923 2016 1032 2046 Celsum,
1051 2017 1072 2041 l.
1094 2019 1130 2040 II.
1157 2018 1246 2042 Euseb.
1269 2028 1347 2052 praep.
1371 2029 1459 2052 evang.

123 2048 143 2070 l.
160 2048 219 2071 XV.
243 2056 266 2071 c.
287 2049 312 2072 5.
333 2049 395 2073 Vid.
416 2052 489 2074 eiiam
504 2053 593 2083 Wyn.
617 2055 643 2078 in
661 2056 726 2087 disp.
746 2056 817 2079 laud.

183 2088 217 2119 (6)
233 2088 274 2112 Cf.
297 2089 326 2112 de
336 2090 374 2113 his
389 2091 467 2115 Arist.
489 2092 517 2116 de
531 2093 626 2125 anima,
643 2096 663 2119 1.
680 2099 703 2120 Ι.
725 2105 748 2120 c.
771 2097 800 2127 45
817 2097 870 2121 Cic.
890 2095 968 2121 Tusci
983 2102 1070 2129 quaest.
1089 2098 1110 2121 1.
1129 2100 1152 2122 Ι.
1169 2107 1192 2123 c.
1213 2107 1253 2130 10,
1274 2101 1313 2130 18,
1331 2101 1368 2124 31.

1067 2139 1089 2170 6
