1747 2620
888 255 1001 298 (58)

279 345 342 377 qua
366 332 465 377 pollet
484 332 695 375 intelligentia
717 337 839 371 nostra,
865 330 916 363 vel
944 343 1059 375 corpus
1081 331 1132 364 vel
1154 332 1298 363 animum
1322 343 1464 364 seorsum
1489 339 1614 375 specta—

278 400 361 420 mus.
397 388 473 418 Haec
497 398 571 418 vero
599 386 759 417 distinctio
787 397 828 416 an
854 396 966 416 revera
992 385 1099 417 locum
1130 386 1264 426 habeat,
1295 388 1366 430 quis
1395 394 1481 419 certo
1506 387 1615 419 dicat?

279 442 423 484 adeoque
453 441 569 472 exinde
599 452 663 471 non
693 439 839 482 sequitur
870 445 926 470 aut
959 441 1104 472 animum
1139 447 1194 473 aut
1223 453 1338 484 corpus
1370 454 1386 472 a
1413 453 1446 473 se
1476 442 1615 474 invicem

278 503 420 540 separata
443 507 509 527 esse
530 495 651 537 aliquid
673 505 731 537 per
751 505 794 524 se.
824 493 937 524 Mutua
962 501 1070 526 autem
1093 496 1262 538 utriusque
1288 501 1410 527 naturae
1433 495 1616 540 conjunctio

278 551 442 582 homiuem
464 549 675 580 constituunt.
701 548 813 590 Itaque
837 558 933 590 quem
958 559 1014 578 nos
1035 549 1230 591 percipimus
1255 550 1447 592 cogitantem
1470 555 1502 580 et
1516 561 1617 593 appe-

280 610 417 643 tentem,
439 603 565 634 animus
586 613 650 633 non
669 614 685 632 a
706 612 838 644 corpore
855 613 979 633 seorsus
994 613 1061 633 sese
1083 601 1173 633 nobis
1189 602 1298 642 offert,
1319 602 1373 634 sed
1392 603 1505 633 intimo
1528 614 1617 634 nexu

279 670 353 690 cum
380 668 511 700 corpore
539 657 687 699 organico
713 655 932 699 conjunctus.¹
950 657 1033 696 Quae
1059 668 1133 688 cum
1159 657 1202 688 ita
1229 657 1308 696 sint,
1333 657 1400 699 ipse
1426 657 1552 688 animus
1577 667 1615 687 ex

279 724 342 755 quo
363 711 428 742 solo
453 710 680 742 demonstratio
703 710 877 740 necessaria
906 709 1031 741 desumi
1056 711 1191 754 poterit,
1220 710 1311 742 nullo
1339 711 1432 744 modo
1455 710 1617 754 objectum

278 772 325 798 est
337 766 525 809 cognitionis
540 770 663 795 naturae
674 763 851 803 sufficiens,
870 763 1006 807 ideoque
1021 766 1220 808 argumentis
1235 777 1273 796 ex
1290 765 1359 809 ejus
1376 771 1490 797 natura
1506 765 1619 796 sumtis

277 832 457 863 numquam
478 819 591 850 cedere
611 824 768 861 cogentur
788 818 970 850 adversarii.
997 819 1111 862 Neque
1133 830 1208 851 vcro
1230 820 1326 850 etiam
1350 819 1481 851 aliunde
1503 818 1617 850 idonea

278 875 368 906 nobis
394 874 512 904 dantur
539 871 678 915 objecta,
709 883 748 902 ex
778 872 895 914 quihus
924 879 1011 904 certo
1036 874 1217 904 animorum
1242 873 1515 904 immortalitatem
1540 884 1618 904 con—

279 929 409 960 cludere
431 928 536 958 liceat.
561 926 731 958 Evidentia
753 926 852 968 igitur
872 926 1096 957 mathematica
1119 928 1151 957 in
1173 927 1417 957 demonstranda
1437 927 1618 958 animorum

278 982 517 1015 immortalitate
539 981 657 1012 frustra
679 981 852 1023 quaeritur,
878 986 909 1010 at
930 980 1080 1023 iniquum
1102 986 1149 1011 est
1170 991 1239 1010 eam
1259 980 1319 1010 hac
1340 981 1373 1010 in
1393 991 1486 1010 causa
1507 986 1620 1022 postu—

277 1037 360 1076 lare,
382 1037 534 1079 quoniam
550 1035 622 1067 haec
642 1046 692 1066 res
713 1046 777 1065 non
800 1035 884 1077 capit
900 1034 1203 1066 demonstrationem
1225 1034 1500 1073 mathematicam,
1523 1033 1620 1065 adeo-

279 1103 343 1134 que
365 1091 511 1134 quamvis
531 1090 609 1120 certi
632 1089 714 1119 nihil
738 1089 818 1119 scire
843 1090 1015 1131 possimus,
1039 1089 1140 1120 nihilo
1162 1095 1269 1120 tamen
1291 1090 1397 1120 minus
1418 1094 1523 1120 nostra
1544 1096 1620 1132 per-—

279 1147 382 1177 suasio
403 1151 435 1176 et
457 1145 532 1175 fides
553 1145 643 1175 firma
663 1149 712 1174 est
731 1149 763 1174 et
786 1143 956 1174 sufficiens.
983 1144 1024 1174 Et
1047 1143 1144 1174 habet
1171 1143 1242 1182 illa,
1274 1142 1327 1174 ubi
1355 1142 1443 1173 deest
1466 1143 1618 1182 scientia,

279 1201 303 1231 si
332 1199 425 1230 modo
454 1198 569 1229 rationi
601 1198 771 1228 conveniat
806 1203 903 1239 atque
931 1197 970 1228 ad
999 1209 1109 1228 omnes
1135 1198 1190 1240 qui
1218 1196 1402 1239 persuaderi
1428 1196 1486 1227 sibi
1509 1198 1620 1228 sinunt

278 1255 454 1297 pertineat,
476 1253 539 1284 vim
563 1252 733 1281 maximam
751 1256 783 1281 et
802 1262 866 1281 non
885 1251 1061 1289 minorem,
1079 1261 1176 1292 quam
1198 1250 1367 1281 evidentiae
1387 1250 1621 1281 mathematicae

280 1308 434 1338 tribuitur
460 1308 493 1337 in
522 1306 559 1336 iis
586 1304 698 1342 rebus,
732 1303 787 1335 ubi
815 1304 884 1334 haec
913 1304 1034 1346 requiri
1064 1309 1178 1346 potest.
1213 1303 1260 1333 Ex
1287 1303 1361 1345 ipsis
1393 1303 1478 1333 enim
1504 1308 1620 1334 nostrae

280 1361 480 1393 conscientiae
501 1360 620 1399 effatis,
643 1360 749 1390 haecce
769 1358 846 1390 fides
864 1359 967 1389 oritur
984 1364 1017 1389 et
1032 1358 1199 1389 confirmat
1214 1368 1295 1387 eam.
1315 1357 1421 1395 Ratio,
1441 1367 1551 1387 sensus
1566 1355 1621 1386 ille

279 1416 504 1455 excellentior,
526 1416 573 1447 vis
593 1414 718 1453 divina,
742 1424 814 1456 quae
836 1424 892 1445 nos
913 1423 1023 1455 sapere
1047 1412 1175 1450 doceat,
1200 1417 1233 1442 et
1253 1411 1285 1441 in
1308 1409 1457 1440 omnibus
1480 1408 1621 1440 tenebris

279 1470 345 1502 dux
367 1469 456 1500 nobis
480 1469 583 1508 adest,
609 1480 706 1511 quam
728 1473 798 1499 tuto
822 1478 1007 1509 sequamur.
1033 1466 1103 1496 Jam
1126 1477 1190 1496 non
1216 1464 1353 1506 amplius
1374 1464 1506 1506 quaestio
1526 1463 1560 1493 in
1583 1473 1621 1494 eo

278 1529 441 1563 versatur,
457 1529 569 1554 utrum
585 1523 766 1553 animorum
782 1520 1003 1552 immortalitas
1018 1520 1228 1552 demonstrari
1247 1520 1359 1561 possit,
1377 1518 1431 1548 sed
1449 1529 1522 1549 cum
1539 1517 1621 1549 bene

280 1584 432 1620 recteque
453 1578 560 1609 vivere
579 1583 612 1608 et
633 1587 727 1619 agere
745 1575 877 1618 jubeant
893 1574 1084 1605 conscientia
1106 1580 1138 1605 et
1159 1574 1211 1604 lex
1229 1572 1370 1611 moralis,
1391 1573 1526 1602 maxima
1544 1583 1619 1603 cum

282 1631 398 1663 fiducia
418 1622 573 1661 infinitam
591 1630 628 1661 ad
646 1630 861 1668 sanctitatem,
878 1641 940 1672 qua
962 1629 1064 1660 tendit
1082 1639 1268 1671 supremum
1287 1627 1416 1658 rationis
1433 1626 1620 1664 consilium,

282 1686 472 1717 assumimus
504 1686 726 1716 accessionem.
766 1684 880 1727 Neque
910 1684 964 1715 hic
990 1695 1028 1715 ex
1057 1683 1151 1714 rebus
1177 1682 1306 1726 objectis
1335 1686 1620 1723 argumentamus,

281 1740 335 1771 sed
365 1740 470 1782 ipsum
498 1738 678 1783 subjectum
709 1749 821 1781 agenS,
853 1750 927 1769 cum
960 1737 999 1768 ad
1031 1737 1114 1768 lianc
1138 1742 1255 1768 metam
1288 1733 1436 1765 omnibus
1468 1733 1621 1765 lateribus

281 1804 452 1837 properare
473 1794 587 1824 intimo
615 1804 709 1824 sensu
735 1792 900 1836 jubeatur,
925 1793 1102 1823 firmissima
1130 1790 1190 1822 fide
1218 1790 1317 1821 animi
1347 1788 1619 1819 immortalitatem

283 1848 503 1890 amplectitur,
533 1859 604 1890 quae
625 1847 689 1877 sola
711 1846 850 1877 conditio
871 1852 917 1878 est
942 1858 1004 1889 qua
1030 1846 1095 1877 huc
1123 1845 1310 1888 perveniat,
1334 1848 1366 1874 et
1391 1854 1454 1885 qua
1479 1841 1619 1880 sublata,

285 1903 387 1934 omnis
408 1903 508 1934 virtus
530 1901 667 1940 tollitur,
692 1900 868 1932 destruitur
891 1901 992 1931 omnis
1014 1899 1184 1931 moralitas.

330 1956 402 1987 Huc
420 1957 519 1999 igitur
542 1955 623 1986 redit
641 1961 755 1986 nostrae
776 1954 998 1997 disputationis
1018 1965 1153 1985 summa.
1175 1953 1216 1982 Et
1232 1962 1427 1994 quamquam
1445 1951 1478 1981 iu
1497 1950 1621 1981 exami-

286 2010 398 2041 nandis
421 2009 680 2053 philosophorum
710 2009 907 2051 argumentis
928 2009 1123 2051 reperimus,
1149 2005 1278 2037 nullum
1302 2016 1358 2048 per
1385 2016 1419 2036 se
1442 2009 1619 2047 spectatum

287 2069 513 2108 argumentum
540 2063 622 2108 juste
650 2063 903 2095 demonstrandae
925 2064 1106 2094 animorum
1129 2059 1360 2093 immortalitati
1381 2058 1541 2098 sufficere,
1566 2057 1622 2089 sed
