1747 2620
893 270 1006 315 (16)

287 349 456 389 habitatio,
481 349 575 380 etiam
598 346 701 391 posita
720 352 807 378 extra
838 357 934 377 omne
960 344 1093 377 dubium
1117 344 1166 389 jus
1188 345 1323 377 civitatis
1343 345 1534 389 adquirendi
1560 358 1618 379 vo-

288 405 429 444 luntate,
455 403 622 434 manifesto
648 413 705 444 per
725 412 757 433 se
782 406 951 444 nequeunt
975 400 1068 431 illum
1094 399 1229 430 civitatis
1250 400 1439 442 participem
1465 399 1618 440 reddere,

287 458 431 500 adeoque
456 457 550 488 etiam
574 456 633 487 ubi'
655 455 731 486 tales
757 455 1003 486 circuinstantife
1031 459 1248 489 concurrunt,
1279 465 1405 496 semper
1433 455 1620 496 imperantis

289 523 481 543 consensum
513 509 663 540 accedere
694 514 838 551 oportet,
871 515 907 539 ut
938 519 1050 539 verum
1079 513 1229 549 exsurgat
1251 508 1441 550 receptionis
1475 515 1617 550 pactum.

288 565 412 596 Deinde
433 564 503 608 jure
524 562 695 595 universali
712 562 821 593 nullus
838 568 884 592 est
906 572 1078 597 consensus
1099 567 1305 603 praesumtus,
1331 562 1453 604 quippe
1474 563 1530 605 qui
1549 562 1620 594 talis

287 619 413 650 nonnisi
436 617 506 659 lege
529 616 661 659 positiva
683 615 814 659 jubente
837 614 903 645 fieri
922 619 1034 657 potest.
1057 614 1186 646 Tacitus
1206 621 1314 646 autem
1334 617 1520 658 imperantis
1540 628 1620 648 con-

287 683 397 703 sensus
421 671 480 704 sub
511 669 626 701 talibus
659 669 923 707 circumstantiis,
957 667 1066 711 quales
1095 669 1265 709 finximus,
1305 669 1431 701 silentio
1458 669 1527 713 ejus
1555 682 1620 702 non

287 725 480 764 involvitur,
503 730 613 767 utpote
638 723 725 766 quod
747 734 853 766 neque
871 722 996 766 juribus
1016 722 1152 754 aliorum
1170 734 1277 766 neque
1297 735 1382 756 sanae
1403 725 1518 756 rationi
1542 736 1621 756 con-

288 779 421 810 trarium
448 784 505 809 est.

335 833 436 864 Aliter
458 843 534 865 vero
554 842 621 862 sese
640 842 690 862 res
705 830 841 862 habebat
856 831 889 862 in
912 832 1017 874 specie
1033 832 1142 862 arresti
1159 843 1226 862 cur.
1244 831 1344 862 Brux.
1361 833 1400 866 17
1414 831 1504 874 April
1517 833 1619 871 1822,

288 887 322 917 in
343 898 407 929 quo
428 887 488 916 nisi
515 897 554 916 ex
577 885 660 926 regis
684 884 768 914 facto
790 885 906 915 tacitus
930 885 1135 927 colligeretur
1158 896 1350 924 consensus,
1385 885 1488 928 legem
1520 887 1621 928 ipsam

287 939 382 970 fund.
407 938 447 969 ab
467 949 504 968 eo
526 936 674 967 violatam
695 947 761 967 esse
782 942 850 967 erat
873 936 1098 968 decidendum.
1126 938 1238 977 Unde,
1261 950 1363 980 quum
1381 950 1420 969 ex
1438 940 1622 981 praescripto

288 998 348 1024 art.
369 992 401 1023 9.
424 991 486 1034 leg.
510 989 604 1021 fund.
625 990 815 1032 peregrinus
836 988 875 1020 ad
894 989 1071 1020 exercenda
1096 1001 1230 1020 munera
1256 992 1362 1021 vocari
1382 998 1540 1033 nequeat,
1563 993 1624 1021 nisi

287 1051 381 1089 pacto
400 1044 484 1087 quod
511 1043 624 1074 dicunt
644 1042 928 1081 natm-alisationis,
956 1042 1007 1074 vel
1030 1042 1109 1085 legis
1132 1042 1286 1074 beneficio
1308 1042 1406 1086 Belga
1433 1044 1537 1075 factus
1562 1044 1623 1083 sit,

286 1099 495 1130 manifestum
511 1102 595 1136 erat,
612 1097 754 1127 extranei
772 1095 858 1127 illius
876 1096 914 1126 ad
931 1107 1049 1127 munus
1068 1096 1236 1139 publicum
1254 1108 1435 1140 expressam
1457 1098 1623 1129 admissio-

288 1165 364 1185 nem
385 1153 515 1184 omnino
534 1151 619 1182 idem
640 1150 746 1182 valere
763 1162 799 1181 ac
814 1151 895 1193 ipsas
912 1162 990 1193 quas
1005 1150 1133 1191 dicunt,
1152 1151 1273 1182 litteras
1285 1151 1554 1183 naturalisationis
1563 1152 1622 1194 (1).

332 1208 445 1250 Itaque
465 1205 643 1237 tenendum
663 1210 725 1244 est,
752 1210 810 1235 art.
834 1204 864 1235 5.
885 1216 980 1246 snpra
1003 1205 1134 1236 citatum
1157 1206 1244 1236 omni
1261 1205 1367 1236 adhuc
1384 1207 1416 1238 vi
1433 1205 1624 1237 destitutum

288 1273 370 1302 esse,
392 1262 486 1293 etiam
508 1259 587 1304 juris
607 1258 800 1297 subsidiarii,
820 1258 862 1289 ita
884 1264 922 1290 ut
937 1264 1124 1298 extraneus,
1145 1260 1201 1301 qui
1216 1259 1413 1290 conditiones
1429 1260 1463 1290 in
1482 1270 1519 1290 eo
1539 1271 1625 1302 prae-

289 1316 419 1358 scriptas
436 1313 634 1356 impleverit,
647 1312 843 1343 habitatione
855 1311 911 1343 sua
927 1312 1073 1354 quamvis
1087 1311 1287 1355 longissima,
1305 1312 1467 1344 civitatem
1483 1318 1623 1345 nostram

287 1369 461 1401 hodiedum
484 1368 653 1411 adquirere
674 1378 738 1397 non
762 1366 869 1408 possit.

334 1423 418 1454 Hinc
443 1423 539 1454 etiam
567 1421 773 1452 manifestum
798 1424 865 1458 est,
899 1417 1045 1449 nondum
1070 1419 1163 1450 illum
1188 1417 1528 1461 comprehendendum
1557 1430 1624 1450 esse

290 1476 548 1520 dispositionibus
568 1481 760 1506 statutorum
781 1472 1047 1517 provincialium,
1082 1472 1121 1503 de
1147 1471 1218 1516 jure
1242 1472 1468 1515 suffragiorum
1494 1472 1624 1515 publico

291 1543 367 1562 cum
384 1531 422 1561 iis
442 1528 725 1567 communicando,
741 1528 796 1571 qui
818 1528 904 1570 legi-s·
926 1527 1083 1569 beneficio
1098 1526 1205 1569 Belgis
1221 1527 1472 1569 aequiparantur.
1494 1527 1625 1559 Etenim

291 1585 353 1616 illae
375 1584 593 1626 dispositiones
617 1581 783 1614 evidenter
804 1580 985 1623 generalem
1004 1586 1037 1611 et
1059 1579 1301 1611 antecedentem
1324 1580 1410 1622 legis
1435 1580 1624 1612 declaratio-

291 1649 366 1669 nem
382 1637 570 1679 requirunt,
591 1641 763 1677 antequam
786 1634 937 1677 applicari
953 1634 1089 1677 possint,
1111 1645 1182 1677 quae
1200 1633 1330 1676 quidem
1347 1634 1433 1676 legis
1453 1633 1624 1665 declaratio

291 1693 326 1723 in
347 1691 452 1734 specie
472 1689 562 1720 nulla
582 1690 662 1729 erit,
692 1688 793 1719 donec
819 1688 925 1719 Codex
952 1688 1102 1730 Belgicus
1122 1687 1162 1718 ad
1181 1688 1332 1719 effectum
1357 1687 1563 1729 perducatur.

336 1778 422 1808 VIII.
464 1777 513 1807 Ex
535 1775 601 1818 ips&
625 1775 768 1806 extranei
789 1775 918 1805 notione
938 1774 1146 1806 manifestum
1171 1780 1236 1813 est,
1261 1785 1337 1805 eum
1359 1785 1416 1816 per
1440 1784 1489 1812 se,
1511 1779 1624 1816 utpote

294 1830 461 1876 quintilla
487 1829 641 1872 peculiari
671 1828 750 1872 juris
779 1828 932 1862 relatione
959 1839 1033 1859 curn
1063 1828 1192 1860 civitate
1223 1826 1414 1869 conjunctus
1441 1827 1505 1866 sit,
1539 1827 1624 1869 pacti

293 1887 393 1918 nostri
414 1882 665 1917 fundamentalis
688 1882 873 1914 nullatenus
898 1882 1085 1924 participem
1109 1892 1195 1921 esse,
1226 1881 1369 1924 adeoque
1394 1881 1489 1912 etiam
1519 1880 1624 1912 nullas

301 1964 1616 1979 Μ

356 2010 400 2039 (ι)
417 2009 446 2031 In
461 2011 570 2030 nostram
588 2006 732 2029 sementiam
751 2005 873 2035 judicavit
886 2012 935 2028 cur.
955 2005 1031 2028 Brux.
1049 2012 1075 2035 ¹9
1092 2004 1160 2027 Febr.
1180 2004 1237 2027 1820
1253 2008 1276 2026 et
1291 2004 1305 2026 3
1319 2003 1374 2026 Jan.
1389 2004 1462 2032 1822,
1475 2002 1624 2026 contrariam

295 2049 383 2080 judicis
398 2048 482 2079 primae
499 2048 550 2070 litis
565 2046 710 2069 decisionem
726 2045 861 2069 infirmans.
890 2045 948 2068 Eam
966 2053 1061 2076 quoque
1078 2043 1169 2075 optime
1186 2044 1309 2075 quondam
1327 2043 1438 2067 tuebatur
1453 2043 1490 2066 Cl.
1509 2042 1624 2066 Gauden-

294 2091 357 2114 sium
375 2089 467 2114 Praetor
481 2088 538 2112 Van
554 2087 747 2118 Crombrugghe,
765 2086 792 2110 in
807 2085 897 2117 specie,
917 2092 989 2116 quam
1006 2084 1080 2109 refert
1097 2084 1198 2108 Journal
1210 2084 1238 2108 de
1252 2083 1339 2114 Gand,
1354 2084 1368 2107 4
1382 2083 1449 2108 Aom
1467 2083 1532 2113 1817.
