1747 2620
910 289 1024 333 (06)

301 364 462 405 morbosa,
488 365 715 396 extractionem
740 365 893 408 portionis
913 365 1037 396 affectae
1061 365 1229 396 instituere
1250 365 1379 396 omnino
1401 364 1555 397 debemus
1575 366 1634 409 (1)

300 420 381 459 Quae
406 419 574 450 medicatio
600 420 624 450 si
645 419 833 462 negligitur,
864 419 914 450 vel
937 419 962 449 si
987 419 1152 461 ignoratur
1174 418 1341 450 existentia
1365 419 1476 459 cariei,
1501 425 1533 450 et
1558 420 1635 451 huic

299 480 372 516 apte
392 485 455 504 non
479 473 640 512 medetur,
668 472 795 503 morbus
818 472 872 503 ille
894 472 1128 503 funestissimus
1148 472 1270 512 evadit,
1302 478 1339 504 ut
1358 472 1512 516 probatur
1536 473 1635 505 hocce

299 528 444 570 sequenti
460 526 607 568 exemplo
622 526 718 556 carici
733 525 919 556 contusione
936 525 1099 568 productae
1114 526 1179 568 (2):
1197 537 1215 557 3>
1232 526 1349 569 Opisex
1367 527 1514 569 quidam,
1533 539 1635 570 quum

300 593 317 611 ))
336 591 469 612 munere
490 591 547 611 suo
568 579 761 622 fungeretur
781 580 813 609 in
837 578 975 621 quadam
998 578 1187 621 lapidicina,
1213 580 1297 611 inter
1320 580 1398 611 duos
1418 580 1538 623 lapides
1559 592 1636 624 pre-

300 646 316 664 i>
334 635 447 673 mitur,
469 634 616 665 examine
636 634 734 673 sacto,
756 633 845 664 nulla
867 633 1007 664 fractura
1029 639 1155 676 reperta
1179 633 1256 673 fuit3
1279 645 1368 666 venae
1387 636 1526 665 sectione
1543 635 1636 665 insti-

300 700 317 718 »
334 688 419 727 tum,
436 694 467 718 et
489 687 645 730 pcdicillis
666 687 843 718 contusioni
869 686 1050 729 applicans,
1072 693 1142 729 post
1163 686 1284 730 aliquot
1311 687 1377 718 (lies
1397 688 1515 719 iterum
1539 688 1637 719 solitis

300 754 317 772 ))
334 743 398 773 suis
409 742 568 773 laboribus
580 743 713 773 vacavit.
734 742 805 773 Post
819 752 873 772 sex
886 752 1009 772 menses
1022 741 1171 783 apparuit
1186 747 1292 772 tumor
1304 741 1526 782 duriusculos,
1538 754 1635 784 quem

299 796 449 826 »medici
470 795 682 838 scrophulosae
705 795 820 826 indolis
846 806 912 826 esse
940 806 1042 838 quum
1068 795 1252 835 crederent,
1281 795 1358 827 huic
1379 796 1547 838 emplastra
1573 796 1637 826 im-

298 862 317 881 ))
333 851 484 893 posuere,
512 856 544 880 et
572 851 690 881 iterum
716 849 770 880 ille
793 849 935 893 juveniS,
959 849 1064 892 elapso
1086 849 1224 892 quodam
1248 850 1466 892 tempusculo,
1494 849 1638 881 laborare

299 916 317 935 >³
333 904 455 946 I‚otuit3
477 915 559 934 anno
578 903 709 934 demum
726 903 848 946 elapso,
871 903 910 934 de
930 904 1046 945 insigni
1068 903 1325 945 conquerebatur
1346 903 1452 934 dolore
1468 909 1499 934 et
1518 903 1637 935 lectulo

298 957 511 989 »valedicere
538 957 676 1000 amplius
696 968 761 987 non
783 957 906 1000 potuit,
933 956 1031 987 febris
1051 956 1181 987 advenit
1203 962 1235 987 et
1262 958 1437 988 exstinctus
1461 963 1507 988 est
1527 959 1637 1000 paucis

298 1012 501 1053 »praeteritis
522 1011 644 1042 diebus.
671 1011 800 1042 Sectum
825 1011 960 1043 cadaver
989 1010 1078 1041 binas
1100 1016 1199 1042 costas
1219 1012 1303 1042 carie
1326 1011 1453 1042 assectas
1479 1011 1635 1054 praebuit,

299 1078 317 1096 »
333 1077 471 1108 quarum
490 1065 621 1096 alterius
644 1065 742 1096 caries
767 1077 783 1095 a
804 1070 893 1107 parte
915 1064 1041 1095 interna
1062 1065 1242 1107 inceperat,
1262 1065 1304 1095 ita
1325 1071 1362 1096 ut
1377 1064 1466 1096 sulco
1487 1071 1614 1096 exarato
1627 1089 1635 1104 ,

299 1119 441 1150 »tabula
467 1119 634 1150 dumtaxat
660 1125 790 1150 externa
826 1117 1038 1149 remaneret.”
1074 1119 1266 1149 Periissetne
1291 1118 1346 1149 ille
1375 1119 1421 1158 si,
1450 1118 1532 1149 bene
1563 1119 1636 1149 nota

298 1174 399 1213 carie,
421 1183 493 1215 pars
506 1172 617 1203 affecta
637 1171 739 1202 ablata
756 1170 891 1202 fuisset?
909 1171 1006 1202 Plura
1024 1177 1100 1202 sunt
1115 1171 1261 1214 exempla
1278 1183 1349 1214 quae
1366 1184 1421 1203 nos
1440 1172 1518 1203 huic
1534 1183 1639 1215 quaes-

300 1228 378 1258 tioni
398 1225 546 1269 negative
568 1225 760 1269 respondere
779 1236 868 1267 posse
889 1225 976 1256 haud
998 1231 1117 1256 vetant.

342 1280 430 1320 Quid
456 1280 494 1311 de
520 1279 845 1322 fibro-cartilaginum
871 1279 1058 1310 vulneribus
1078 1278 1207 1310 dicam?
1239 1280 1376 1310 Possunt
1405 1285 1437 1310 et
1464 1279 1514 1310 11ae
1541 1280 1637 1310 etiam

297 1335 403 1377 frangi
424 1335 471 1377 (3)
490 1340 521 1365 et
543 1346 560 1365 a
581 1339 688 1364 sterno
708 1333 857 1364 secedere
877 1333 941 1376 (4),
969 1333 1055 1376 quod
1079 1334 1253 1376 praesertim
1275 1334 1308 1364 in
1333 1333 1521 1376 provectiori
1546 1338 1639 1364 aetate

297 1389 403 1420 locum
425 1388 540 1427 habet,
567 1389 600 1419 in
622 1387 685 1431 qua
710 1388 826 1419 horum
848 1399 1040 1431 organorum
1061 1388 1264 1419 consistentia
1285 1386 1324 1418 ad
1344 1398 1463 1418 osseam
1490 1387 1558 1417 fere
1579 1398 1639 1417 na-

297 1449 402 1474 turam
423 1442 556 1473 accedit.
582 1442 702 1473 Harum
719 1442 869 1473 fracturae
888 1453 1002 1485 parum
1023 1441 1196 1473 admodum
1214 1447 1297 1472 notae
1315 1446 1391 1471 sunt
1405 1440 1468 1481 (5),
1487 1439 1640 1471 facillime

298 1497 516 1536 reducuntur,
538 1497 618 1527 etin
641 1507 678 1527 eo
699 1495 716 1526 a
737 1496 828 1527 costis
851 1496 958 1526 fractis
979 1495 1150 1534 differunt,
1173 1493 1258 1537 quod
1279 1493 1328 1525 hae
1346 1493 1496 1524 fracturae
1511 1504 1639 1536 semper

298 1551 361 1581 sint
387 1550 503 1593 glabrae
525 1556 557 1581 et
578 1550 675 1581 nullis
700 1549 921 1593 asperitatibus
942 1548 1120 1591 conspicuae
1147 1553 1179 1578 et
1204 1546 1290 1590 quod
1312 1552 1467 1589 praeterea
1495 1545 1639 1577 reductae

299 1604 485 1635 difficillime
504 1604 572 1635 loco
587 1605 828 1643 contineantur,
849 1613 1040 1645 semperque
1056 1602 1234 1645 fragmenta
1253 1600 1401 1632 secedere
1417 1612 1433 1630 a
1449 1611 1481 1630 se
1499 1600 1636 1631 invicem

300 1664 471 1698 conentur3
497 1659 583 1690 unde
601 1660 636 1690 fit
656 1665 693 1690 ut
712 1659 781 1690 fere
799 1669 965 1701 nunquam
987 1656 1226 1688 consolidentur
1245 1655 1429 1699 superficies
1445 1655 1567 1695 fractae,
1583 1655 1637 1686 sed

299 1720 502 1744 concrescant
524 1715 566 1744 ita
592 1719 630 1744 ut
652 1713 749 1744 facies
769 1714 909 1744 anterior
925 1712 1022 1744 unius
1045 1710 1218 1754 fragmenti
1239 1710 1271 1740 in
1294 1714 1475 1740 contactum
1499 1714 1637 1751 ponatur

299 1777 373 1798 cum
398 1767 477 1798 facie
502 1767 667 1810 posteriori
693 1767 824 1799 alterius
849 1767 944 1798 etsie
969 1765 1156 1797 coalescant.
1180 1763 1251 1795 Non
1274 1762 1414 1794 multum
1441 1763 1636 1804 caeteroquin

300 1820 434 1863 periculi
447 1832 502 1864 per
513 1832 545 1852 se
557 1822 711 1864 gignunt,
724 1820 864 1852 declarat
875 1826 982 1851 tamen
993 1820 1182 1862 Duverney,
1196 1817 1298 1861 majus
1309 1816 1461 1847 damnum
1475 1815 1609 1859 produci
1621 1828 1638 1846 a

360 1944 404 1973 (1)
421 1944 513 1973 Boyer,
532 1943 552 1965 l.
570 1944 590 1966 l.
603 1962 608 1972 ,
628 1948 689 1966 tom.
710 1945 746 1967 11.
765 1951 822 1975 pag.
840 1942 895 1966 240.

360 1985 403 2012 (2)
421 1983 566 2014 Duverney,
583 1984 602 2006 1.
621 1985 658 2012 1.‚
677 1989 738 2007 tom.
757 1986 779 2007 Ι.
801 1992 858 2015 pag.
876 1984 932 2014 278.

360 2025 404 2052 (3)
421 2024 513 2054 Boyer,
531 2023 550 2045 l.
570 2024 606 2052 1.,
628 2028 688 2046 tom.
708 2026 743 2047 11.
766 2032 822 2055 pag.
842 2032 881 2055 70,
899 2024 1004 2047 edition.
1025 2023 1199 2048 Bruxellensis.

360 2065 403 2093 (4)
421 2063 567 2094 Duverney,
585 2063 605 2085 l.
626 2064 661 2092 l.‚
677 2068 737 2086 tom.
756 2065 778 2086 1.
799 2072 855 2095 pag.
875 2064 930 2087 261.

359 2104 404 2134 (5)
422 2104 513 2135 Boyer,
533 2104 552 2126 l.
571 2104 687 2133 1.,10m.
709 2106 746 2127 11.
768 2112 825 2135 pag.
845 2113 884 2135 70.
