1747 2620
935 269 1026 311 (4)

312 353 400 372 nam.
432 342 596 373 Facultas
618 343 765 384 petivit:
793 341 911 381 »Quid
934 341 1094 373 hodiernae
1117 343 1260 373 notiones
1283 353 1320 373 ex
1345 341 1531 381 Anatomifi,
1553 341 1643 385 Phy-

312 396 491 439 ))siologi?1,
518 396 702 438 Pathologifx
729 395 936 438 Chirurgicfi,
963 395 1180 428 observatione
1203 403 1235 427 et
1254 397 1481 440 experimentis
1497 396 1641 429 deductae

312 463 330 482 ))
347 451 481 482 doceant
500 451 581 481 circa
604 450 814 481 lethalitatem
836 449 1009 482 vulnerum
1031 451 1170 493 partium
1188 451 1423 482 continentium
1444 456 1541 493 atque
1563 462 1642 482 con—

313 516 329 535 »
346 510 507 535 mutarum
531 503 713 534 Tl101·acis.⁷’
753 504 810 534 Ex
839 503 1043 545 quintuplici
1074 505 1172 536 lzocce
1192 504 1292 548 sonte
1327 505 1462 535 haurire
1486 505 1642 535 debemus

311 559 481 601 quidquid
503 558 550 588 acl
571 564 719 588 nostrum
746 569 883 598 scopum
909 564 1057 597 spectat,
1088 564 1191 600 atque
1216 559 1250 588 in
1273 559 1341 589 ista
1370 564 1439 589 tam
1462 558 1644 599 multiplici

309 625 360 649 re,
399 624 438 642 ne
464 612 575 642 omniu
604 612 734 642 turbide
770 618 803 642 et
830 612 1016 642 inordinate
1042 613 1262 649 misceantur,
1302 613 1396 643 liaucl
1425 613 1643 655 incongruum

309 666 392 696 (luxi
421 666 508 696 binis
534 666 740 707 proemittere
776 666 945 706 capitibus
974 666 1180 707 specialibus
1206 672 1239 696 et
1256 667 1413 707 prooemii
1439 666 1487 697 acl
1512 667 1639 702 instar,

308 721 533 750 anatomicam
567 719 723 749 Thoracis
756 719 1033 761 descriptionem,
1070 726 1102 751 et
1129 721 1276 751 omnium
1311 719 1461 759 ejusdem
1488 720 1643 761 partium

308 774 587 815 Physiologiam,
613 779 646 804 et
663 780 701 804 ut
717 780 835 805 memet
850 775 961 817 magis
985 775 1166 816 quaestioni
1184 773 1433 816 conformarem.
1464 773 1643 804 Tlioracem

308 829 342 857 in
362 827 522 868 partibus
548 827 793 857 continentibus
819 833 852 857 et
880 829 1041 858 contentis
1067 828 1171 858 divisi
1178 841 1191 865 ,-
1219 827 1367 868 priorem
1395 827 1515 857 seriem
1540 837 1641 868 orga—

307 892 422 911 norum
449 881 481 910 in
506 880 590 910 dura
613 880 728 922 (ossa)
756 886 789 911 et
809 881 926 910 mollia
956 881 1160 922 (musculos,
1185 892 1288 917 vasa,
1317 881 1453 922 nervos)
1479 880 1641 918 distinxi,-

300 935 517 975 posteriorem
548 939 660 964 autem
695 934 729 963 in
755 944 883 975 organa
910 933 1161 970 cir-culationis,
1191 934 1443 974 respirationis,
1472 933 1641 976 deglutio-

305 988 376 1024 nis,
410 987 602 1017 nutritionis
631 993 663 1017 et
692 997 809 1018 nervos
840 986 1030 1028 clispescui,
1061 996 1139 1028 quoe
1164 986 1277 1015 omnia
1307 987 1516 1027 singularem
1543 997 1642 1016 suam

307 1041 561 1082 descriptionem
584 1041 815 1071 vindicarunt:
841 1040 876 1070 in
896 1039 999 1081 liujus
1019 1039 1132 1080 partis
1155 1039 1364 1081 expositione
1385 1040 1526 1080 optimos
1547 1039 1642 1069 adivi

307 1101 459 1126 auctores
481 1095 541 1137 qui
565 1095 604 1125 (le
622 1094 817 1125 Anatomici
838 1099 872 1124 et
890 1092 1118 1135 Physiologici
1138 1093 1359 1134 scripserunt,
1382 1092 1642 1124 Illustrissimos

305 1160 421 1190 nempe
447 1148 599 1191 Cloquet‚
629 1148 759 1188 Bichat‚
787 1147 907 1190 Boyer,
934 1146 1047 1190 Bayle,
1074 1145 1275 1186 Richerand,
1307 1145 1442 1178 Adelon.

355 1213 487 1251 Quibus
517 1212 704 1253 persolutis
744 1211 791 1242 ad
826 1211 1002 1252 propriam
1040 1211 1239 1253 quoestionis
1277 1210 1453 1241 materiam
1498 1210 1641 1242 deveni:

306 1271 469 1307 quantum
495 1266 529 1295 in
554 1276 604 1295 me
623 1263 715 1308 fuit,
744 1265 856 1294 omnia
885 1264 1062 1294 observata
1086 1269 1120 1293 et
1143 1269 1317 1294 auctorum
1343 1265 1528 1295 sententias
1553 1265 1642 1306 opti-

304 1330 431 1349 morum
452 1319 500 1349 ita
523 1318 664 1361 collegi,
690 1323 728 1348 ut
747 1317 867 1348 exinde
887 1316 1058 1358 potuerim
1078 1316 1127 1347 ad
1144 1317 1313 1348 variorum
1336 1317 1510 1348 vulnerum
1531 1318 1642 1348 letha-

304 1372 434 1402 litatem
459 1372 705 1402 conclusionem
733 1377 850 1412 aptam
869 1369 1042 1413 prcfferre:
1067 1371 1202 1414 aliquot
1226 1370 1375 1414 adjunxi
1394 1372 1639 1413 experimenta,

295 1427 403 1468 plura
427 1427 471 1457 ab
500 1426 694 1457 auctoribus
720 1426 878 1457 instituta
902 1425 1017 1455 citavi.

346 1491 522 1521 Distribui
547 1490 633 1521 lianc
659 1489 907 1521 dissertationis
925 1495 1060 1531 partem
1085 1491 1136 1521 uti
1151 1489 1323 1531 priorem5
1346 1489 1552 1532 investigavi
1570 1490 1640 1520 sci-

304 1545 383 1574 licet
400 1545 500 1585 prius
531 1544 628 1575 varia
653 1544 791 1575 vulnera
811 1545 965 1585 partium
991 1543 1150 1574 Thoracis
1181 1543 1420 1574 continentium
1442 1548 1511 1573 tam
1536 1542 1640 1573 dura-

304 1609 376 1627 rum
405 1609 506 1639 quam
534 1598 704 1635 mollium;
731 1597 849 1628 deinde
874 1597 1087 1639 perscrutavi
1110 1608 1173 1634 an,
1203 1602 1235 1627 et
1266 1601 1396 1638 quanta
1422 1596 1596 1627 lethalitas
1622 1607 1639 1627 e

296 1652 417 1693 plagis
442 1663 642 1694 organorum
670 1652 920 1688 circulationis,
958 1651 1210 1693 respirationis,
1247 1650 1501 1692 deglutitionis,
1529 1650 1639 1681 nutri-

304 1706 403 1735 tionis
435 1711 468 1736 et
495 1706 690 1747 systematis
722 1706 833 1736 nervei
864 1705 1028 1748 profluat.
1075 1703 1237 1746 Aliquid
1258 1709 1427 1745 postremo
1456 1702 1568 1745 adjeci
1598 1704 1639 1735 cle

303 1759 496 1789 vulneribus
513 1771 578 1800 per
602 1758 756 1790 accidens
783 1760 978 1791 lethalibus.
1009 1758 1114 1790 Istud
1133 1758 1267 1789 tandem
1277 1779 1290 1794 ,
1333 1756 1523 1788 Clarissimi
1548 1756 1638 1788 Pro·—

297 1811 469 1855 fessores,
506 1813 653 1853 primum
678 1824 786 1843 meum
811 1824 969 1846 conamen
994 1820 1101 1846 vestro
1119 1812 1255 1857 judicio
1279 1811 1464 1849 submitto,
1492 1816 1636 1844 vestram

305 1866 422 1896 iterum
449 1866 696 1909 indulgentiam
723 1866 918 1908 implorans.

764 2042 1172 2062 ——QQQ—
