1747 2620
716 272 831 316 (89)

584 395 715 429 PARS
769 397 950 432 PRIMA.

225 484 278 509 DE
318 486 594 512 VULNERIBUS
634 488 911 516 ORGANORUM
950 493 1306 523 CIRCULATIONIS.

384 567 408 609 S
441 568 464 599 Ι.
512 580 674 601 VULNERA
719 582 933 605 PEfflCAizmo
979 586 1153 608 INFLICTA.

143 651 381 694 Pericardium,
414 656 463 687 uti
488 655 615 700 jamjam
647 658 681 688 in
708 665 798 701 parte
821 661 997 692 anatomica
1024 666 1287 708 memoravimus„
1315 669 1436 713 duplici

98 711 221 737 constat
246 707 448 749 membranzi,
478 720 616 752 quarum
647 711 772 753 singula
799 722 894 744 suum
926 714 1023 746 habet
1055 718 1088 748 in
1116 722 1291 752 oeconomi&
1317 734 1436 756 munus

97 758 301 797 obeundum3
334 768 466 794 externa
491 763 613 794 scilicet
637 775 690 795 cor
715 765 948 810 diaphragmati
971 781 1035 812 non
1063 776 1284 807 tantummodo
1306 784 1338 808 et
1360 790 1437 821 par-

96 812 182 845 tibus
210 815 321 846 vicinis
341 815 450 859 alligat
469 822 502 847 et
525 817 610 859 figit,
636 818 690 849 sed
715 820 811 851 etiam
832 821 937 863 ipsum
963 823 1032 855 loco
1057 837 1115 857 suo
1140 829 1273 869 retinet,
1300 832 1436 875 impedit

95 868 268 909 quominus
293 869 327 899 in
348 869 492 901 Thorace
516 870 645 914 divaget
665 878 697 903 et
721 880 876 915 praeterea
904 883 1008 911 motus
1034 879 1177 923 ejusdem
1204 884 1318 916 nimios
1343 887 1434 919 cohi-

92 919 185 960 bere,
217 927 249 953 et
275 922 339 962 his,
369 934 448 966 quos
469 935 486 954 a
513 926 628 956 natur&
659 928 797 969 recepit,
823 928 979 962 limitibus
1006 934 1144 967 retinere
1175 937 1269 969 valet.
1304 940 1432 974 interna

92 980 202 1006 autem
231 975 416 1008 membrana
440 989 544 1009 seroso
562 978 688 1022 liquore
712 992 839 1024 semper
865 984 990 1016 madida
1005 1011 1013 1026 ,
1045 995 1194 1024 centrum
1217 993 1434 1028 circulationis

91 1029 245 1060 continuo
267 1041 339 1061 rore
359 1031 486 1074 irrigat,
508 1038 541 1063 et
559 1034 603 1064 sic
618 1033 733 1074 eflicit,
755 1042 792 1066 ut
812 1037 872 1068 sub
893 1040 1046 1072 continuo
1068 1054 1126 1074 suo
1142 1051 1232 1077 motu
1250 1046 1288 1077 ab
1304 1048 1432 1082 affrictu

89 1083 232 1124 partium
243 1084 422 1116 vicinarum
436 1097 499 1116 non
511 1085 677 1128 afficiatur,
690 1099 750 1120 nec
761 1101 777 1120 a
790 1091 902 1123 nociva
914 1093 1091 1126 irritatione
1101 1099 1303 1141 corripiatur.
1317 1102 1431 1149 Quum

89 1135 209 1167 vulnus
237 1138 453 1179 pericardiuin
480 1140 682 1183 aggreditur,
713 1143 808 1174 simul
836 1155 944 1176 secare
968 1146 1064 1178 debet
1092 1149 1182 1181 binas
1209 1154 1428 1198 membranas,

87 1188 186 1231 (sunt
206 1190 293 1221 enim
320 1203 417 1234 quam
441 1194 580 1225 maxime
602 1195 688 1227 inter
708 1208 741 1228 se
767 1199 868 1230 unitae
895 1206 993 1243 atque
1015 1203 1221 1248 conjunctae)
1246 1207 1429 1254 harumque

85 1241 270 1275 functiones
294 1245 345 1277 vel
372 1246 545 1289 impedire,
571 1248 624 1281 vel
649 1249 832 1292 destruere3
860 1264 934 1284 nam
961 1254 1082 1287 scilicet
1110 1264 1147 1288 ut
1173 1259 1352 1294 Richerand
1380 1264 1428 1308 (1)

84 1307 142 1327 nos
165 1296 277 1338 docet,
303 1300 328 1330 si
349 1300 480 1331 animali
508 1302 685 1335 vivo-secto
709 1310 854 1337 sternum
876 1308 1024 1340 aufertur
1046 1316 1078 1342 et
1099 1313 1315 1354 pericardium
1342 1318 1427 1350 inci-⁴

84 1349 189 1392 ditur,
211 1363 288 1383 mox
304 1364 358 1385 cor
376 1365 394 1385 e
414 1354 557 1387 vulneris
578 1356 670 1389 hiatu
687 1360 909 1402 progreditur,
925 1362 991 1394 huc
1006 1363 1150 1409 illucque
1164 1368 1198 1398 in
1219 1376 1333 1412 pectus
1347 1384 1426 1415 pro-

81 1403 209 1449 jicitur,
235 1418 303 1437 sese
327 1419 423 1451 supra
446 1410 602 1452 originem
625 1410 783 1455 majorum
809 1424 957 1447 vasorum
983 1420 1244 1461 sanguiferorum
1269 1424 1424 1468 reflectit,

80 1460 244 1502 sanguinis
262 1461 324 1492 iter
342 1462 549 1506 intercipitur
571 1471 603 1496 et
623 1466 742 1497 animal
763 1468 915 1512 asphyxissi
935 1472 1031 1513 perit.
1055 1472 1140 1505 Illud
1160 1476 1291 1518 quidem
1307 1490 1423 1513 verum

81 1522 147 1543 esse
167 1519 286 1555 potest,
308 1515 333 1546 si
354 1517 470 1560 magn&
490 1518 645 1551 incisione
671 1520 824 1562 afficitur,
848 1534 920 1566 quae
940 1536 1000 1568 per
1022 1532 1120 1559 totam
1146 1528 1290 1573 ejusdem
1314 1532 1422 1578 longi-

80 1564 226 1597 tudinem
253 1568 455 1610 extenditur,
481 1571 536 1603 sed
559 1573 584 1603 si
604 1573 723 1606 vulnus
744 1586 808 1607 non
831 1578 875 1608 ita
894 1577 997 1611 latum
1018 1581 1057 1611 sit
1078 1587 1115 1613 ut
1140 1594 1193 1614 cor
1213 1595 1231 1616 e
1252 1597 1342 1618 sacco
1362 1599 1420 1620 suo

79 1619 168 1650 exire
186 1620 299 1663 possit,
320 1621 374 1653 ille
395 1623 571 1657 dirissimus
591 1627 725 1659 effectus
745 1629 851 1662 locum
868 1631 986 1664 habere
1005 1645 1069 1666 non
1087 1636 1186 1678 valet5
1211 1645 1243 1670 et
1264 1648 1419 1683 praeterea

76 1673 102 1704 si
123 1684 235 1706 revera
255 1676 404 1708 animalia
429 1678 507 1710 huic
529 1682 750 1724 experimento
771 1684 924 1717 submissa
951 1688 1103 1732 asphyxifi
1129 1700 1285 1734 pereunt,
1310 1697 1418 1738 potius

75 1734 216 1770 pereunt
236 1740 254 1760 e
274 1731 436 1772 pressione
457 1733 538 1765 aeris
557 1735 591 1766 in
610 1734 836 1780 pulmonibus,
857 1751 955 1784 quam
976 1744 1108 1786 quidem
1127 1757 1145 1777 e
1161 1746 1298 1781 flexione
1314 1752 1416 1783 cordis

45 1777 48 1781 ”
74 1792 171 1825 supra
193 1782 311 1828 majora
333 1797 416 1817 vasa.
444 1787 613 1832 Quidquid
633 1790 692 1823 hac
714 1792 754 1824 de
773 1805 809 1825 re
830 1795 871 1826 sit
891 1797 1117 1838 statuendum,
1139 1812 1250 1832 omnes
1269 1811 1415 1837 auctores

72 1835 108 1866 in
135 1847 172 1867 θ’)
201 1839 400 1871 conveniunt
423 1841 537 1884 ingens
557 1845 758 1887 periculum,
788 1848 875 1891 quod
899 1860 918 1880 e
942 1850 1076 1882 vulnere
1099 1854 1266 1894 pericardii
1293 1859 1411 1898 oritur,

73 1889 189 1921 exinde
214 1893 323 1935 sequi,
350 1894 437 1937 quod
457 1895 506 1938 (2)
529 1898 745 1940 pericardium
765 1902 985 1935 inflammetur
1003 1910 1036 1935 et
1062 1905 1264 1940 collectiones
1286 1911 1320 1941 in
1342 1912 1411 1955 ejus

72 1952 150 1976 cavo
178 1955 290 1978 seros-te
314 1946 629 1992 hydroperieardiam
656 1953 870 1988 determinare
896 1957 1042 2000 valeant3
1072 1960 1123 1992 vel
1149 1963 1236 2005 quod
1260 1968 1408 2009 sanguis,

84 2017 1400 2049 Ἢ--ὴ-ἣῄ,

129 2057 175 2086 (ι)
191 2057 359 2091 Physiologie.
381 2062 455 2086 Tom.
476 2066 499 2087 1.
520 2073 578 2098 pag.
598 2068 654 2098 278.

130 2097 174 2127 (2)
190 2097 280 2129 Orfila,
298 2100 318 2123 1.
336 2101 373 2131 1.‚
390 2106 452 2126 tom.
470 2105 492 2127 1.
513 2113 569 2137 pag.
586 2107 640 2130 653.
665 2108 733 2133 Dict.
751 2110 791 2134 des
806 2110 908 2136 scienees
922 2113 1007 2144 mech,
1026 2114 1110 2139 article
1124 2117 1260 2147 pe'ricarde.

1033 2156 1065 2173 12
