1747 2620
886 283 897 324 (
922 284 962 312 12
985 282 996 322 )

287 358 389 389 bravit
413 359 469 400 (1).
499 358 624 389 Etenim
655 365 838 398 persuasum
863 354 996 393 habuit,
1026 354 1120 395 Regis
1143 363 1208 384 esse
1239 354 1273 384 in
1300 353 1413 397 Anglia
1442 364 1604 385 summum

287 412 471 453 imperium,
487 422 550 441 non
567 410 692 453 populi,
707 409 892 449 nullamque
908 409 941 437 in
957 406 1081 437 turbata
1099 407 1225 437 civitate
1243 418 1354 449 pacem
1372 413 1404 438 et
1418 407 1604 438 felicitatem

287 475 351 494 esse
372 463 572 505 sperandam,
599 463 658 492 nisi
687 461 816 503 Regiam
840 465 1026 502 potestatem
1054 470 1119 489 non
1144 459 1326 500 limitatam,
1351 460 1406 490 sed
1429 460 1604 491 absolutam

286 518 471 559 agnoverint
493 517 575 547 cives
595 515 744 546 universi.
771 514 881 551 Quum
897 524 970 544 vero
991 512 1198 543 intellexisset
1217 513 1302 544 acuti
1322 513 1442 555 ingenii
1468 513 1530 552 vir,
1553 511 1604 543 ‹li-

286 571 391 601 vinam
414 569 624 606 voluntatem,
649 567 688 597 ad
713 577 808 608 quam
835 566 1002 607 hucusque
1025 564 1122 595 solam
1145 565 1250 607 Regiae
1272 565 1465 596 auctoritatis
1488 575 1605 607 provo-

285 628 432 654 caverant
456 621 649 658 defensores,
674 618 803 650 nullum
827 618 989 648 continere
1011 617 1163 649 idoneum
1189 619 1305 649 summi
1333 618 1459 660 imperii
1484 617 1604 649 funda-

284 680 449 713 mentum,
482 675 549 715 ipse
586 671 807 714 philosophicis
840 671 1035 712 argumentis
1066 681 1247 712 supremam
1283 676 1469 713 potestatem
1506 680 1603 712 penes

284 728 401 769 Regem
427 737 492 757 esse
518 725 637 763 solum,
665 724 798 766 probare
824 724 971 765 suscepit.
1005 723 1072 754 Hoc
1097 723 1226 754 consilio
1251 723 1395 754 homines
1419 723 1458 754 ab
1482 723 1603 765 origine

283 781 317 810 in
336 786 418 810 statu
438 778 573 809 naturali
593 779 717 815 vivere,
737 782 768 807 et
791 787 830 807 ex
853 788 890 807 eo
905 779 938 807 in
960 777 1140 808 societatem
1162 777 1287 809 civilem
1307 777 1440 807 transire
1460 777 1605 807 assumsit

284 832 417 862 Hobbes.
442 832 568 861 Etenim
587 831 619 860 iu
641 836 723 860 statu
742 829 797 860 illo
819 830 987 872 origin-ario
1003 830 1167 869 homines,
1189 829 1270 860 nulli
1289 830 1423 870 imperio
1439 829 1602 868 submissi,

282 884 321 915 de
340 884 462 927 juribus
477 883 647 925 officiisque
665 883 729 913 suis
745 883 803 924 ipsi
822 881 1021 925 judicabant,
1040 882 1176 924 ideoque
1190 882 1295 912 omnia
1310 881 1445 923 agebant
1461 892 1513 920 ea,
1530 892 1602 923 quae

281 937 339 966 sibi
363 936 451 967 utilia
480 941 597 974 essent,
626 941 663 966 ut
687 935 765 966 adeo
789 935 895 965 omnia
917 934 1034 965 hahere
1057 941 1089 965 et
1114 935 1217 965 facere
1245 935 1391 966 omnibus
1418 934 1544 972 liceret,
1572 940 1604 964 et

281 989 376 1019 solam
398 988 476 1032 juris
501 999 681 1019 mensuram
706 987 826 1018 utilitas
847 987 1033 1017 contineret.
1062 987 1174 1025 Quum
1199 987 1331 1025 deinde,
1352 993 1473 1018 remoto
1498 987 1604 1018 sociali

280 1042 408 1074 vinculo
421 1066 428 1080 ,
451 1042 584 1083 quilibet
608 1042 741 1083 propriis
760 1040 878 1072 viribus
898 1040 984 1083 jura,
1006 1051 1079 1082 quae
1098 1039 1215 1070 habere
1235 1045 1377 1081 putaret,
1399 1045 1508 1069 contra
1527 1039 1604 1069 reli—

281 1105 358 1136 quos
378 1099 638 1136 persequeretur,
665 1094 732 1123 fieri
752 1104 816 1123 non
844 1093 961 1134 potuit,
988 1093 1083 1134 quin,
1106 1093 1162 1134 qui
1190 1091 1309 1124 viribus
1331 1092 1469 1134 physicis
1492 1093 1604 1123 ceteris

280 1148 458 1188 superiores
474 1152 591 1185 essent,
615 1146 648 1176 in
664 1147 775 1185 vitam,
800 1145 995 1183 libertatem,
1016 1144 1098 1175 bona
1125 1145 1337 1175 infirmiorum
1359 1145 1491 1186 impune
1511 1145 1604 1177 saevi-

280 1205 371 1238 rent,
404 1206 499 1241 atque
524 1199 601 1229 adeo
626 1198 745 1229 bellum
773 1199 916 1229 onmium
939 1204 1047 1228 contra
1068 1208 1176 1228 omnes
1201 1198 1350 1228 oriretur.>
1371 1197 1538 1238 Homines,
1564 1209 1603 1229 ex

280 1252 427 1283 Hobbesii
454 1253 629 1291 sententia,
660 1253 692 1282 in
716 1257 799 1282 statu
827 1251 963 1281 naturali
992 1256 1147 1292 perpetuo
1171 1250 1256 1280 bello
1285 1251 1410 1289 vexati,
1441 1251 1605 1281 societates

279 1312 393 1336 mutuo
417 1316 570 1336 consensu
592 1304 818 1342 condiderunt,
838 1304 871 1333 in
893 1302 1009 1345 quibus
1027 1302 1090 1345 juri
1112 1314 1168 1333 suo
1189 1304 1293 1333 omnia
1312 1314 1369 1344 pro
1389 1302 1526 1333 utilitate
1546 1314 1602 1334 sua

279 1358 416 1388 habendi
440 1363 471 1388 et
495 1357 645 1395 faciendi,
674 1357 872 1398 propriisque
900 1355 1019 1386 viribus
1042 1355 1082 1386 ad
1105 1365 1246 1397 personae
1277 1354 1498 1397 bonorumque
1527 1366 1603 1386 suo—

279 1422 350 1441 rum
372 1410 585 1440 defensionem
611 1409 742 1448 utendi,
764 1409 1003 1447 renunciantes,
1029 1407 1205 1451 conjunctis
1225 1407 1345 1439 viribus
1363 1419 1395 1438 se
1415 1413 1602 1448 tuerentur,

281 1469 375 1504 atque
395 1473 505 1504 pacem
527 1468 560 1493 et
583 1463 805 1500 securitatem,
835 1463 869 1492 in
894 1467 978 1492 statu
1005 1460 1143 1492 naturali
1169 1471 1233 1491 non
1260 1460 1464 1503 sperandam,
1489 1467 1602 1493 mutuo

280 1516 397 1545 auxilio
423 1515 610 1546 obtinerent.
634 1516 793 1553 Quoniam
813 1526 888 1546 vero
908 1514 1084 1557 respublica
1106 1515 1173 1545 sine
1198 1515 1331 1556 imperio
1352 1514 1519 1545 subsistere
1540 1525 1601 1546 ne-

281 1568 366 1610 quit,
387 1579 565 1609 supremam
582 1573 783 1609 potestatem,
801 1578 871 1610 quae
892 1568 1052 1609 principio
1063 1567 1152 1597 sociis
1171 1567 1317 1598 omnibus
1333 1567 1545 1609 competebat,
1567 1570 1600 1599 in

279 1631 459 1662 personam,
474 1621 538 1652 sive
553 1620 763 1662 singularem,
781 1621 847 1652 sive
870 1620 1037 1659 moralem,
1059 1632 1155 1663 quam
1170 1620 1297 1660 dicunt,
1313 1627 1427 1651 mutuo
1448 1632 1601 1652 consensu

280 1673 363 1703 cives
386 1673 630 1712 transtulerunt,
654 1673 786 1716 ejusque
811 1673 968 1705 voluntati
990 1673 1185 1705 voluntatem
1209 1685 1298 1704 suam
1322 1674 1468 1715 viresque
1492 1684 1601 1704 omnes

279 1724 492 1767 subjecerunt.
520 1726 672 1764 Quamvis
693 1732 799 1757 autem
821 1727 990 1769 imperium
1013 1728 1045 1757 in
1067 1727 1235 1769 collegium
1258 1737 1402 1768 quoque,
1428 1727 1493 1757 sive
1513 1727 1600 1757 Aris-

280 1779 482 1816 tocraticum,
508 1779 573 1810 sive
594 1779 868 1819 Democraticum,
893 1780 1030 1810 conferri
1050 1790 1138 1821 posse
1160 1779 1340 1810 admitteret
1362 1778 1503 1816 Hobbcs‚
1530 1790 1598 1809 eam

283 1836 385 1860 tamen
414 1831 595 1873 reipublicae
624 1832 758 1862 formam
790 1834 942 1875 optimam
971 1832 1175 1875 praedicavit,
1210 1843 1274 1874 qua
1308 1832 1456 1874 princeps
1490 1842 1598 1862 rerum

310 1942 342 1969 (ι)
359 1941 504 1969 Consilium,
525 1943 588 1972 quod
606 1943 631 1965 in
648 1942 772 1966 scribendo
790 1951 859 1973 opere
874 1943 902 1966 de
914 1943 966 1966 eive
980 1943 1025 1965 sibi
1040 1946 1195 1972 proposuerat
1213 1942 1320 1969 Hobbes,
1345 1941 1393 1971 ipse
1413 1941 1437 1963 iu
1459 1940 1600 1970 praefatioue

279 1979 317 2001 his
337 1980 414 2002 verbis
434 1980 553 2003 declarat:
581 1990 593 2002 (ι
608 1982 661 2004 Feci
679 1989 727 2004 non
746 1990 773 2005 eo
790 1982 905 2009 consilio,
929 1986 955 2005 ut
971 1982 1095 2010 laudarer,
1113 1981 1154 2004 sed
1168 1981 1241 2005 vestri
1259 1988 1342 2009 causa,
1358 1980 1469 2008 lectores,
1486 1979 1528 2010 qui
1544 1985 1598 2001 cum

278 2027 291 2039 »
309 2019 457 2047 doctrinam,
475 2027 547 2049 quam
563 2020 647 2049 affero,
665 2022 785 2051 cognitam
801 2027 824 2046 et
836 2027 982 2053 perspectam
996 2022 1127 2050 haberetis,
1145 2021 1267 2052 sperabam
1286 2021 1350 2049 fore,
1367 2025 1394 2042 ut
1412 2020 1494 2050 aliqua
1509 2019 1598 2041 iucom-

277 2066 290 2079 υ
307 2058 377 2080 moda
396 2058 420 2081 in
437 2067 460 2081 re
479 2059 610 2088 familiari,
629 2062 743 2090 quoniam
761 2069 797 2084 res
811 2062 923 2085 humanae
936 2062 987 2085 sine
1003 2061 1156 2086 incommodo
1174 2068 1221 2084 esse
1238 2068 1287 2083 uon
1304 2064 1416 2091 possunt,
1433 2065 1501 2090 aequo
1516 2058 1598 2080 animo

277 2105 289 2118 >2
306 2097 379 2126 serre,
397 2105 468 2127 quam
485 2098 621 2128 reipublicae
637 2104 726 2123 statum
743 2101 882 2125 conturbari
899 2101 1017 2124 malefisff‘
