1747 2620
884 274 997 318 (46)

277 355 428 393 vulnera,
451 352 645 396 caeteroquin
665 351 821 389 innocua,
848 349 1031 392 gravissima
1051 348 1195 381 reddere.
1222 349 1307 380 Ictus
1332 349 1445 382 leviter
1471 350 1612 383 inflictus

277 411 311 442 in
337 409 458 440 femore
484 405 644 438 individui
665 403 896 447 cacochymici‚
915 409 1016 434 tantas
1036 403 1142 434 turbas
1164 403 1335 446 aliquando
1356 410 1424 447 post
1444 415 1477 436 se
1497 405 1612 445 trahit,

277 470 315 496 ut
335 462 469 495 membri
492 460 744 503 amputationem
768 458 975 488 necessariam
998 456 1119 488 reddat.
1152 457 1369 489 observavere
1394 464 1539 490 auctores
1562 458 1612 491 le-

276 517 401 550 vissima
421 514 554 547 vulnera
578 511 707 544 cultello
726 512 759 542 in
778 511 877 553 digito
893 510 1006 541 effecta
1026 522 1220 554 gangrenam
1242 513 1355 542 manus
1370 518 1402 543 et
1422 511 1612 544 antibrachii

276 570 478 615 produxisse:
505 567 584 611 quid
606 567 733 597 attritus
755 565 789 596 in
810 565 956 596 mammis
977 564 1152 597 mulierum
1171 565 1210 596 ad
1229 577 1357 597 cancros
1376 566 1612 609 praedisposita-

276 636 349 656 rum
382 635 446 654 non
475 619 680 654 effecerunt?
714 620 761 650 Ex
795 618 856 650 alia
884 625 992 650 autem
1017 624 1106 662 parte
1133 618 1216 650 bella
1246 619 1335 650 nobis
1362 626 1448 651 tanta
1477 619 1613 652 vulnera

276 676 544 709 nobilissimorum
565 684 757 717 organorum
784 678 894 704 curata
920 679 1115 714 monstrant,
1147 679 1185 705 ut
1213 674 1297 705 inter
1322 674 1474 705 miracula
1501 685 1612 706 rerum

276 731 354 763 tales
377 730 553 761 sanationes
578 738 698 771 ponere
719 731 900 758 tentemur:
922 726 1069 769 illudque
1089 733 1155 758 tam
1176 738 1289 759 verum
1305 732 1351 758 est
1370 733 1405 758 ut
1422 727 1552 758 Fodere'
1564 727 1613 770 (1)

277 786 480 829 profiteatur,
502 782 589 826 quod
607 783 633 813 si
650 781 853 813 observemus
872 780 978 823 plagas
998 782 1155 812 viscerum
1171 780 1439 812 nobilissimorum
1457 781 1612 812 exstitisse

277 850 349 882 quae
369 837 578 869 nihilominus
598 836 793 866 sanationem
817 835 990 876 accepere,
1014 835 1047 865 in
1068 846 1105 866 eo
1124 835 1192 866 fere
1211 846 1267 865 nos
1288 834 1399 865 induci
1420 840 1457 866 ut
1479 834 1614 866 conclu-

276 893 402 931 damus,
427 890 556 922 nullum
577 889 695 921 vulnus
716 887 925 919 essentialiter
950 888 1067 919 lethale
1088 899 1173 919 esse:
1199 888 1285 931 quod
1311 889 1335 919 si
1355 894 1463 920 autem
1485 894 1614 920 contra-

276 946 355 977 riam
376 950 498 987 partem
522 941 776 980 consideremus,
792 941 860 973 fere
881 953 937 972 nos
958 942 1089 973 credere
1109 943 1196 985 cogi,
1220 953 1329 973 omnes
1348 943 1493 974 laesiones
1514 942 1613 974 lethi-

277 1001 360 1031 feras
384 999 451 1030 fieri
471 1008 570 1040 posse.
597 996 659 1028 Sed
678 1006 752 1039 quae
774 997 930 1027 rarissima
949 1002 1040 1035 sunt,
1063 1007 1127 1027 non
1146 1002 1277 1039 possunt
1294 997 1341 1027 uti
1356 996 1476 1038 regulae
1497 996 1613 1038 aspici:

276 1054 310 1084 in
332 1064 369 1084 eo
392 1062 518 1094 semper
541 1049 748 1082 immutabilis
769 1055 816 1080 est
840 1055 970 1089 natura,
994 1056 1031 1080 ut
1054 1049 1201 1092 quaedam
1225 1048 1367 1080 laesiones
1393 1059 1534 1092 semper,
1562 1049 1615 1082 vel

276 1106 381 1138 subito
404 1105 453 1137 vel
479 1110 549 1147 post
575 1104 697 1146 aliquot
716 1103 808 1133 horas
833 1102 940 1134 diesve
969 1109 1104 1143 necent,
1128 1108 1229 1145 utque
1254 1102 1340 1142 aliae,
1363 1103 1388 1133 si
1407 1102 1446 1133 ab
1466 1102 1615 1134 omnibus

277 1160 379 1192 causis
403 1159 524 1189 nocivis
548 1162 734 1196 arceantur,
760 1155 954 1198 plerumque
978 1161 1142 1186 sanentur.
1186 1155 1261 1186 Vita
1285 1156 1372 1186 enim
1398 1161 1446 1187 est
1470 1155 1615 1187 collectio

278 1214 484 1245 functionum
509 1222 581 1253 quae
606 1211 700 1241 morti
726 1211 878 1240 resistunt
894 1209 957 1250 (2),
985 1209 1041 1240 sed
1063 1209 1214 1251 primarie
1239 1208 1401 1252 dependet
1425 1209 1464 1240 ab
1489 1212 1615 1241 actione

277 1273 392 1299 mutua
413 1263 598 1307 encephali,
618 1262 720 1293 cordis
737 1267 833 1305 atque
855 1262 1047 1304 pulmonum
1064 1262 1127 1304 (3),
1150 1274 1289 1305 quorum
1306 1265 1331 1293 si
1349 1263 1474 1294 functio
1491 1263 1542 1296 vel
1562 1264 1616 1294 in-

277 1320 491 1362 terrumpitur
512 1317 563 1351 vel
590 1316 783 1355 destruitur,
809 1315 849 1346 de
872 1315 939 1346 vita
962 1316 1093 1346 omnino
1115 1315 1351 1347 conclamatum
1373 1321 1437 1346 est:
1463 1326 1501 1347 ea
1528 1317 1616 1347 enim

278 1381 325 1406 est
344 1374 473 1405 illorum
500 1372 598 1403 trium
624 1381 815 1413 organorum
848 1370 881 1400 in
908 1369 1088 1401 oeconomia
1121 1375 1279 1413 potestaS,
1308 1376 1346 1401 ut
1367 1381 1471 1402 unum
1496 1369 1616 1413 absque

278 1428 338 1459 alio
361 1429 394 1459 in
421 1427 545 1458 actione
569 1437 625 1457 sua
651 1434 841 1467 permanere
861 1429 1021 1466 nequeat,
1050 1423 1125 1454 inde
1148 1428 1279 1466 apparet
1305 1434 1402 1465 quam
1427 1423 1615 1465 periculosae

277 1483 340 1513 sint
357 1481 518 1520 laesiones,
547 1491 619 1523 quae
642 1490 746 1510 unum
767 1477 894 1509 aliudve
913 1478 1046 1508 istorum
1067 1478 1100 1508 in
1124 1477 1292 1508 functione
1314 1476 1370 1507 sua
1390 1476 1615 1519 persequenda

278 1535 461 1579 impediunt
489 1534 547 1577 (4).
591 1533 714 1565 Horum
753 1532 849 1572 bina,
892 1543 945 1563 cor
980 1531 1101 1562 scilicet
1131 1537 1163 1562 et
1195 1530 1385 1574 pulmones,
1414 1531 1448 1561 in
1480 1530 1616 1562 cavitate

278 1588 452 1621 Thoracica
488 1587 636 1627 latitant,
669 1585 744 1617 inde
774 1585 921 1616 nobilitas
951 1584 1049 1628 hujus
1079 1585 1148 1617 cavi
1177 1590 1209 1615 et
1234 1595 1399 1616 summum
1431 1583 1614 1627 periculum

280 1643 366 1687 quod
392 1642 461 1686 ejus
484 1642 618 1674 vulnera
639 1642 751 1684 stipat:
783 1646 908 1670 tantum
931 1639 1011 1670 illud
1034 1645 1080 1670 est
1106 1645 1142 1670 ut
1170 1638 1300 1669 Fodere'
1321 1638 1477 1678 declaret,
1508 1638 1616 1681 plagas

279 1697 430 1728 Thoracis
457 1701 660 1739 penetrantes
694 1694 886 1738 plerumque
917 1695 1114 1737 gravissimas
1142 1699 1175 1724 et
1202 1692 1332 1736 quidem
1363 1692 1497 1724 lethales
1528 1703 1612 1723 esse:

280 1757 388 1782 tamen
400 1750 452 1781 hic
467 1759 598 1780 monere
613 1748 782 1788 debemus,
799 1759 908 1779 omnes
924 1748 1030 1791 plagas
1044 1747 1212 1791 glandibus
1223 1747 1419 1790 sclopetariis
1435 1745 1570 1777 inflictas
1582 1752 1615 1777 et

280 1811 383 1836 totum
399 1809 511 1847 pectus
525 1793 724 1846 perforantes
738 1814 802 1833 non
821 1814 946 1846 semper
960 1802 1093 1834 lethales
1108 1803 1205 1834 fuisse
1217 1801 1281 1845 (5),
1293 1807 1325 1832 et
1339 1801 1407 1832 illas
1425 1800 1614 1844 aliquando,

340 1939 384 1967 (1)
402 1937 492 1961 Me'dic.
515 1938 581 1968 leg„
599 1942 661 1960 tom.
681 1938 731 1960 111.
752 1945 808 1968 pag.
831 1937 886 1960 253.

341 1980 385 2008 (η)
402 1978 500 2006 Bichat,
521 1986 561 2000 sui·
575 1977 599 2000 la
615 1977 654 2002 vie
669 1982 693 2001 et
710 1977 734 2000 la
751 1982 830 2006 mort,
852 1985 909 2009 pag.
931 1986 956 2000 2.

340 2020 383 2047 (3)
400 2018 502 2046 Fodere',
522 2017 588 2040 med.
609 2018 658 2049 leg.
672 2036 678 2047 ,
702 2023 763 2041 tom.
787 2019 836 2041 111.
857 2025 915 2049 pag.
935 2018 990 2042 256.

341 2058 385 2087 (4)
402 2057 509 2086 Mahon,
530 2057 596 2080 med.
618 2057 667 2088 leg,
682 2075 689 2086 ,
710 2061 771 2080 lom.
792 2059 828 2081 11.
849 2065 907 2089 pag.
931 2066 955 2081 2-

342 2099 384 2128 (5)
400 2098 497 2128 Boyer,
516 2097 633 2121 maladies
651 2097 777 2130 chirurg.,
795 2102 856 2122 tom.
878 2098 939 2123 VH.
960 2105 1005 2130 pag
1022 2099 1076 2129 3⁰9·
