1747 2620
716 229 809 274 (9)

95 306 232 339 civitatis
252 303 473 349 ingrediendi,
499 314 556 347 per
579 303 661 335 illud
684 304 888 345 transeundi,
914 306 948 336 in
969 306 1023 337 illo
1049 308 1281 348 commorandi,
1307 310 1434 343 illiusve

95 367 218 404 partem
248 360 388 391 dominio
412 370 470 390 suo
496 358 621 401 privato
648 357 840 402 subjiciendi
866 366 1047 402 competere
1074 368 1195 404 potest,
1235 363 1296 394 nisi
1327 365 1352 395 is
1377 367 1432 408 qui

94 420 282 457 potestatem
305 412 433 445 civilem
459 413 493 444 in
516 412 571 443 illo
592 418 740 453 exercet,
771 413 951 445 voluntaria
976 414 1055 458 juris
1076 416 1126 447 sui
1151 416 1350 449 abdicatione
1375 430 1434 450 ex—

94 473 205 500 traneo
225 467 376 498 territorii
399 477 494 498 usum
514 467 706 509 permiserit.

136 554 196 585 IX.
229 554 390 593 Quoniam
412 565 488 586 vero
508 553 634 585 interna
654 554 790 586 civitatis
812 553 969 599 cujusque
991 557 1175 588 constitutio
1197 570 1246 589 res
1267 570 1302 590 ac
1323 570 1432 602 perso-

93 619 149 639 nas
169 608 203 639 in
223 607 292 652 ejus
308 608 468 639 territorio
488 608 677 648 existentes,
697 609 776 651 quin
798 614 830 639 et
850 609 956 652 ipsum
976 611 1172 642 territorium
1192 613 1221 643 ei
1239 612 1432 645 submissum

92 661 180 694 civili
195 661 267 706 jure
284 662 352 705 regi
370 661 527 705 postulat,
548 668 660 705 sponte
680 662 771 693 nobis
787 665 927 695 occurrit
944 666 1094 707 quaestio,
1113 677 1263 708 quaenam
1278 668 1318 698 sit
1335 667 1432 712 hujus

91 717 243 760 principii
270 717 316 749 vis
341 717 374 747 in
401 722 568 748 extraneos
591 728 608 748 a
634 728 759 748 summo
790 718 969 760 imperante
996 719 1035 750 ad
1065 718 1209 760 aditum,
1243 722 1431 762 transitum,

91 771 322 802 habitationem
353 771 404 803 vel
434 771 663 802 commercium
695 772 728 802 in
765 772 925 804 territorio
961 774 1098 805 civitatis
1131 773 1290 806 admissos.
1332 775 1432 820 Cujus

91 826 273 869 quaestionis
303 825 494 857 solutionem
517 825 614 856 totius
639 831 754 857 nostrae
775 828 1051 858 commentationis
1076 828 1326 860 fundamentum
1353 842 1432 861 con-

90 880 224 911 stituere
239 891 335 912 nemo
350 891 415 911 non
431 879 528 912 videt.
553 879 646 910 Patet
661 885 770 910 autem
791 881 911 911 civitati
933 892 973 912 ex
988 881 1060 925 jure
1076 883 1162 925 quod
1178 883 1288 923 habet,
1306 891 1430 916 exteros

90 945 108 965 a
129 935 288 965 territorio
313 945 370 965 suo
392 933 607 972 excludendi,
634 933 730 963 etiam
756 933 803 963 fas
828 944 894 964 esse
919 934 978 965 sub
1006 935 1171 978 quibusvis
1195 938 1430 971 conditionibus

89 986 177 1017 illius
196 987 319 1028 copiam
339 986 479 1017 faciendi
495 991 528 1017 et
548 991 672 1017 exteros
690 986 806 1018 harum
828 989 984 1028 consci05‚
1005 988 1082 1020 dum
1104 991 1302 1022 territorium
1320 993 1430 1035 ingre-

91 1039 241 1077 diuntur,
269 1038 319 1070 vel
338 1039 371 1069 in
392 1050 429 1069 eo
448 1039 631 1069 commercii
651 1045 708 1069 aut
728 1039 934 1072 fortunarum
960 1053 1093 1073 suarum
1113 1044 1220 1075 sedem
1249 1045 1367 1088 figunt,
1396 1058 1430 1077 se

89 1092 152 1123 illis
177 1091 380 1122 substrahere
403 1102 467 1122 non
493 1103 602 1134 posse,
633 1094 677 1123 ita
700 1099 737 1124 ut
761 1100 935 1135 extraneo,
966 1096 1022 1127 tali
1048 1097 1140 1128 venia
1166 1100 1293 1138 utenti,
1322 1102 1429 1132 omnia

90 1145 211 1188 quaevis
236 1143 305 1187 jura
332 1144 430 1175 adimi
458 1146 598 1188 possint,
630 1146 724 1178 modo
750 1154 824 1179 ante
848 1149 1097 1192 ingressionem,
1127 1153 1345 1196 praescriptam
1369 1154 1429 1186 sibi

87 1199 193 1241 legem
215 1199 401 1241 cognoverit
415 1198 472 1241 (1).
492 1199 559 1230 Nec
581 1201 687 1232 minus
708 1203 917 1244 perspicuum
934 1204 967 1235 id
988 1211 1050 1244 est,
1071 1205 1158 1248 quod
1176 1206 1288 1238 eadem
1306 1208 1428 1240 ratione

87 1253 219 1293 nititur,
246 1252 368 1283 scilicet
387 1252 590 1285 liberrimum
612 1255 733 1287 civitati
759 1267 843 1296 esse,
870 1263 908 1288 ut
931 1257 1057 1301 legibus
1077 1260 1142 1290 suis
1165 1261 1308 1303 positivis
1334 1261 1429 1293 diffe-

86 1307 224 1339 rentiam
243 1306 416 1350 quamdam
431 1307 516 1338 inter
533 1308 711 1351 perigrinos
729 1308 876 1350 definiat,
898 1310 1051 1354 illiusque
1066 1313 1201 1345 effectus
1218 1314 1427 1356 determinet,

86 1368 125 1394 ut
149 1361 299 1393 cultiores
323 1361 437 1404 populi
467 1361 634 1394 observare
660 1362 764 1393 solent
785 1365 995 1407 peregrinum
1020 1366 1125 1407 inter,
1152 1369 1209 1410 qui
1233 1368 1273 1399 ob
1299 1380 1429 1401 causam

86 1416 312 1458 temporariam
332 1421 365 1446 et
388 1421 608 1447 transeuntem
632 1416 718 1459 apud
738 1428 790 1448 eos
812 1425 972 1459 versatur,
999 1426 1031 1451 et
1051 1420 1162 1461 illum,
1187 1423 1243 1465 qui
1262 1434 1372 1455 rerum
1393 1436 1430 1455 ac

87 1469 290 1501 fortunarum
312 1481 444 1501 suarum
463 1469 570 1501 sedem
593 1471 627 1501 in
652 1471 809 1502 territorio
830 1472 997 1506 collocavit
1017 1474 1076 1516 (2).
1108 1475 1232 1506 Verum
1251 1477 1429 1520 singulares

87 1522 144 1553 has
164 1523 266 1566 leges,
293 1535 364 1565 quae
386 1523 425 1554 ad
447 1523 611 1566 peculiare
637 1524 795 1569 cujusque
817 1526 930 1569 populi
952 1526 1018 1571 jus,
1044 1539 1110 1559 non
1133 1540 1208 1561 vero
1232 1530 1272 1561 ad
1293 1532 1429 1564 univer-

88 1576 162 1608 salia
184 1576 262 1620 juris
282 1578 439 1620 principia
459 1578 640 1620 pertinent,
662 1578 722 1610 hoc
743 1579 812 1610 loco
830 1581 937 1612 missas
956 1581 1129 1622 faciemus,
1153 1582 1193 1614 de
1212 1584 1286 1627 ipsis
1304 1586 1425 1626 acturi,

88 1631 216 1674 quando
231 1631 407 1663 doctrinam
424 1631 464 1663 de
478 1631 603 1676 juribus
615 1638 842 1665 extraneorum
856 1636 889 1665 in
906 1635 1017 1679 Belgio
1030 1637 1200 1679 specialius
1215 1649 1424 1681 exponemus».

131 1719 175 1750 X.
209 1718 308 1759 Illud,
331 1719 417 1762 quod
438 1719 478 1751 ad
497 1719 586 1752 hunc
603 1720 711 1752 locum
729 1723 887 1764 pertinet,
908 1724 1069 1755 monuisse
1085 1724 1234 1765 interest,
1258 1737 1298 1757 ex
1320 1726 1426 1759 domi-

88 1771 176 1812 cilio,
197 1774 445 1805 commoratione
460 1780 558 1817 atque
576 1774 734 1815 dominio,
759 1782 913 1820 tanquam
933 1788 973 1809 ex
990 1777 1122 1811 diversis
1140 1778 1298 1820 fontibus,
1314 1792 1422 1824 neque

88 1825 199 1857 eadem
220 1828 421 1869 extensione,
439 1839 547 1872 neque
565 1829 599 1860 in
620 1829 733 1862 eadem
753 1830 876 1875 objecta
893 1832 1021 1876 imperii
1043 1832 1144 1866 civilis
1162 1834 1327 1866 commoda
1345 1847 1421 1867 cum

95 1917 1420 1935 Ἣ

146 1968 191 1997 (ι)
207 1968 244 1992 Cf.
267 1970 360 2001 egregia
381 1971 411 1994 cl.
431 1971 518 1996 Rollin
547 1973 604 1997 diss.
625 1974 708 2005 inaug.
731 1974 760 1998 de
778 1975 900 2005 jurisdict.
928 1975 1040 2004 judicum
1059 1981 1199 2000 nostrorum
1222 1977 1249 2000 iu
1275 1982 1417 2007 extraneOS,

85 2006 176 2030 introd.
198 2008 211 2037 §
231 2008 304 2032 VIII.

145 2049 189 2078 (2)
206 2048 244 2072 Cf.
264 2049 299 2073 De
316 2049 420 2081 Ranitz,
437 2059 498 2083 resp.
516 2053 547 2078 ad
565 2058 649 2086 quaest.
664 2055 740 2086 jurid.
760 2055 787 2080 in
804 2055 897 2081 Annal.
913 2056 991 2082 Acad.
1007 2057 1186 2089 Lugd.-Batav.
1206 2058 1285 2082 1818-
1296 2058 1361 2089 1819.

1026 2109 1046 2130 2
