1747 2620
743 236 754 280 (
778 236 816 276 41
845 237 856 280 )

126 314 183 341 aut
205 308 380 342 inhabilem
401 309 566 342 declarant
587 309 628 341 ad
648 310 803 353 gerendos
828 310 981 353 quosdam
1005 317 1094 343 actus
1118 313 1314 355 personales,
1342 315 1468 346 nonnisi

125 362 300 407 Belgarum
326 371 444 396 statum
468 365 565 397 unice
590 371 725 408 regunt,
752 365 792 396 ad
822 371 989 397 extraneos
1018 372 1144 406 autem,
1174 367 1240 399 sive
1261 368 1379 399 incolas
1404 371 1469 402 sive

125 418 383 460 peregrinanteS,
405 419 595 462 neutiquam
617 419 791 462 pertinent.
818 420 859 450 Ili
875 419 995 451 scilicet
1010 426 1142 452 eatenus
1160 421 1258 452 nullis
1279 423 1339 453 nisi
1360 425 1470 466 patriae

124 470 266 514 legibtiS‚
288 473 384 503 etiam
409 484 511 515 quum
536 473 620 516 apud
643 485 699 515 nos
722 473 861 516 degunt,
883 473 1112 517 subjiciuntur.
1137 475 1233 514 Quod
1253 477 1467 519 principium,

123 527 270 568 quamvis
286 526 375 557 nulla
396 526 506 569 legum
522 533 703 558 nostrarum
724 528 870 570 expressa
887 528 1091 571 dispositione
1108 531 1266 561 sancitum
1284 532 1339 570 sit,
1360 538 1467 563 tamen

123 590 162 610 ex
185 591 222 611 eo
247 581 389 621 eruitur,
417 581 504 624 quod
525 582 589 613 fert
614 588 672 613 art.
697 582 727 613 3.
752 583 784 613 in
808 583 862 613 sin.
890 582 925 613 C.
949 582 1017 622 Civ,
1055 595 1073 614 (ε
1090 585 1156 615 Les
1179 585 1242 615 lois
1271 593 1471 617 eonem-nant

123 632 221 664 l’e'tat
238 640 272 665 et
291 635 326 665 lcz
348 636 481 677 qtcczlile'
502 636 559 667 des
584 648 784 678 personnes,
816 637 984 678 re'gissent
1013 637 1061 667 les
1087 638 1252 677 Franpois
1279 639 1467 683 (Belges),

122 689 226 719 me‘me
247 689 400 720 residant
418 702 459 721 en
470 702 564 733 pays
584 689 776 733 e'trcznge7·.”
803 690 881 721 Inde
903 691 990 721 enim
1012 703 1123 722 rursus
1144 693 1263 734 optime
1281 695 1468 734 conficitur,

121 753 174 773 eas
194 742 281 786 leges
300 755 373 786 quae
388 751 615 776 extraneorum
632 751 750 775 statum
769 751 865 787 atque
887 744 1086 776 habilitatem
1105 753 1239 788 regunt,
1260 758 1371 779 eorum
1393 760 1470 791 per—

121 807 231 828 sonam
253 798 349 828 etiam
373 799 407 829 in
430 798 542 842 Belgio
566 800 727 840 comitari,
756 810 793 831 eo
813 811 888 831 cum
916 799 1052 839 effect11‚
1081 805 1119 830 ut
1143 800 1230 843 apud
1253 812 1310 832 nos
1339 813 1470 845 quoque

122 860 160 881 eo
181 849 254 894 jure
276 851 452 894 gaudeant,
479 864 544 896 quo
564 852 650 885 illius
672 854 862 885 conditionis
883 865 1027 897 personae
1048 855 1224 897 generatim
1248 856 1417 888 fruuntur.

164 937 239 968 XV.
276 938 379 981 Igitur
398 939 432 969 iu
448 940 536 970 omni
555 939 615 971 hac
631 939 846 983 disputatione
865 941 904 972 de
923 952 986 972 usu
1003 940 1125 985 jurium
1143 941 1288 975 civilium
1308 944 1468 976 extraneis

121 1001 285 1030 concesso,
319 991 506 1024 nullatenus
530 993 758 1025 consideranda
784 1001 860 1025 sunt
888 1006 924 1026 ea
950 994 1036 1038 jura,
1067 1007 1139 1038 quae
1169 997 1288 1039 singuli
1316 998 1468 1030 adversus

121 1044 263 1087 singulos
288 1046 410 1076 ratione
430 1057 518 1077 mere
534 1047 692 1087 personali
713 1047 832 1078 habere
855 1054 998 1090 possunt.
1019 1049 1127 1080 Potest
1144 1050 1276 1092 quidem
1295 1057 1468 1083 extraneus

121 1098 244 1128 ratione
264 1097 448 1128 solennium
473 1097 632 1140 cujusque
655 1101 760 1139 actus,
783 1101 878 1131 etiam
901 1102 1090 1143 personaliS,
1114 1102 1260 1145 regulam
1286 1104 1365 1148 juris
1386 1117 1468 1148 gen—

118 1150 201 1181 tium
218 1150 383 1181 invocare:
400 1151 512 1181 Locus
528 1153 617 1194 regit
630 1158 763 1192 aetzcm5
776 1165 889 1186 verum
906 1167 1085 1198 numquam
1103 1158 1221 1200 poterit
1235 1156 1313 1201 legis
1329 1159 1467 1203 Belgicae

115 1202 271 1234 beneficio
296 1203 361 1243 uti,
391 1209 427 1235 ut
452 1204 511 1236 sibi
535 1205 709 1248 quamdam
734 1207 878 1239 vindicet
906 1208 985 1252 juris
1010 1209 1199 1242 facultatem
1224 1218 1343 1244 statuto
1364 1215 1467 1257 patrio

115 1257 276 1299 personali
297 1257 356 1288 sibi
375 1257 577 1301 denegatam.
599 1260 731 1291 Judices
752 1261 851 1303 igitur
867 1261 974 1305 Belgae
994 1274 1034 1294 ex
1054 1263 1179 1307 legibus
1201 1268 1305 1308 gentis
1323 1267 1410 1299 illius
1427 1268 1467 1300 ad

115 1321 213 1353 quam
237 1312 429 1354 peregrinus
454 1313 612 1355 pertinet,
642 1313 681 1344 de
703 1313 869 1346 habilitate
890 1316 990 1358 ipsius
1012 1317 1051 1348 ad
1072 1319 1315 1352 matrimonium
1337 1328 1466 1353 contra-

114 1364 278 1405 hendum,
303 1365 342 1396 de
361 1365 564 1408 legitimitate
585 1367 761 1399 liberorum
777 1369 893 1411 ipsius,
910 1370 949 1401 de
965 1371 1067 1413 patria
1086 1378 1118 1403 et
1138 1373 1274 1405 maritali
1292 1381 1464 1417 potestate,

114 1417 155 1449 de
175 1418 299 1459 tutelis,
323 1419 585 1464 majorennitate,
615 1422 854 1465 adoptionibus,
882 1431 984 1456 morte
1006 1425 1109 1465 civili,
1133 1427 1267 1470 aliisque
1288 1428 1386 1473 hujus
1407 1441 1465 1472 ge-

114 1473 200 1503 neris
219 1472 355 1505 actubus
372 1479 429 1505 aut
443 1474 680 1507 conditionibus
701 1487 910 1519 personarum
927 1477 1118 1521 judicabunt
1136 1479 1147 1522 (
1161 1480 1210 1511 Cf.
1229 1481 1360 1522 Merlin,
1377 1484 1463 1525 Re'p.

114 1533 161 1559 νο.
181 1527 238 1557 Loi
260 1527 352 1569 §VI‚
375 1539 407 1559 n.
425 1528 479 1570 6.)
505 1529 696 1568 Quinimmo
717 1530 804 1562 illius
824 1532 947 1574 regulae
969 1543 1005 1564 ea
1028 1535 1074 1565 vis
1095 1540 1157 1574 est,
1179 1540 1217 1565 ut
1236 1542 1377 1578 nequeat
1400 1549 1465 1579 pu-

113 1579 211 1623 pillus
224 1582 321 1612 unius
334 1582 438 1624 gentis
453 1588 593 1614 tutorem
608 1584 740 1616 alterius
756 1585 891 1626 habere,
906 1593 963 1618 aut
975 1594 1147 1619 extraneus
1159 1601 1175 1620 a
1192 1589 1290 1633 Belga
1303 1591 1462 1634 adoptari,

113 1640 170 1666 aut
190 1635 258 1678 ipse
282 1635 413 1679 Belgam
436 1637 602 1680 adoptare3
627 1640 702 1682 quia
724 1646 881 1672 statutum
906 1642 1001 1673 unius
1024 1643 1128 1685 gentis
1149 1644 1316 1686 personale
1338 1645 1461 1677 nullam

115 1689 180 1720 vim
209 1689 243 1720 in
275 1689 388 1722 alienae
417 1692 521 1734 gentis
549 1692 695 1725 homines
726 1705 876 1727 exercere
911 1701 1025 1739 potest.
1062 1696 1177 1740 Neque
1203 1698 1237 1729 in
1265 1700 1462 1732 contrarium

116 1742 228 1774 merito
260 1743 449 1785 adducitur,
486 1746 572 1789 quod
601 1749 724 1791 nuptiae
753 1755 906 1781 nostrates
937 1750 1023 1782 inter
1050 1756 1082 1782 et
1106 1752 1292 1795 peregrinos
1318 1753 1462 1797 legitime

116 1794 208 1836 fiant,
230 1807 331 1839 quum
351 1799 420 1841 ipso
441 1801 644 1833 matrimonio
664 1802 782 1847 conjux
805 1810 944 1848 uterque
964 1805 1003 1836 ad
1024 1817 1123 1837 unam
1144 1807 1357 1851 eamdemque
1378 1820 1460 1852 gen—

85 1847 92 1854 “’
115 1852 181 1878 tem
203 1850 364 1891 pertinere
384 1853 534 1896 incipiat,
558 1855 645 1898 quod
660 1868 767 1900 neque
788 1869 846 1901 per
868 1858 1089 1903 adoptionem,
1111 1871 1219 1905 neque
1240 1872 1298 1905 per
1324 1863 1458 1895 tutelam

115 1901 184 1932 fieri
205 1904 404 1937 notissimum
429 1913 476 1939 est
497 1908 555 1952 (1).

111 1964 1425 1989 Ἢ

158 2006 502 2044 (1)Contrariumjndicavit
521 2013 594 2037 Curia
610 2015 720 2044 Colmar,
740 2016 768 2038 28
788 2016 849 2039 Julii
871 2017 942 2046 1821,
965 2017 1063 2049 (Sirey,
1085 2027 1126 2048 21,
1142 2028 1169 2049 2,
1188 2020 1258 2049 288).
1281 2021 1372 2045 Verum
1392 2021 1458 2045 illius

113 2041 231 2060 arrestum
252 2038 389 2063 infirmant
407 2041 465 2065 Cur.
484 2043 550 2067 Cass.
573 2045 641 2068 Gall.
666 2047 678 2069 5
697 2046 762 2077 Aug.
782 2047 851 2069 1825.
876 2047 917 2070 Cf.
937 2047 1033 2071 Arresz.
1054 2049 1112 2072 Cur.
1136 2051 1277 2074 Vesuntiuae
1299 2053 1458 2082 (Besancou)

105 2067 141 2092 ,18
155 2067 212 2101 ,13]1.
226 2069 305 2102 ⁸1808,
324 2071 426 2106 (Sirey,
445 2081 471 2102 7,
487 2081 513 2102 2,
530 2076 600 2103 773).
629 2078 690 2098 Item
713 2076 807 2099 Arrest.
835 2077 932 2101 Colmar
951 2079 979 2101 25
995 2079 1055 2104 Julii
1075 2080 1145 2111 1817,
1165 2082 1269 2113 (Sirey,
1289 2083 1329 2109 18,
1348 2091 1373 2112 2,
1391 2084 1457 2113 250)

113 2104 160 2128 quo
178 2098 314 2127 judicatum
330 2105 364 2124 est
378 2104 466 2126 amissa
479 2103 546 2127 Galli
565 2105 706 2130 conditione
720 2107 794 2131 etiam
808 2109 910 2132 tutelam
929 2109 1022 2134 amitti.
