1747 2620
744 230 754 271 (
780 231 815 260 11
843 229 855 271 )

136 304 217 336 lianc
237 305 443 343 sententiam,
463 313 534 346 quae
555 301 731 345 Pherecydi
752 302 854 344 primo
873 299 912 332 ab
927 300 994 332 aliis
1010 300 1213 341 adscribitur,
1233 302 1357 333 Thaleti
1377 314 1455 334 auc-

136 357 195 389 tori
214 356 372 388 vindicare
390 362 547 388 conentur
563 355 620 397 (1).
643 355 691 386 Ex
712 359 848 396 utraque
867 353 971 385 schola
987 353 1118 396 plurimi
1136 354 1251 385 deinde
1267 355 1456 396 prodierunt

133 409 330 452 philosophi,
360 410 415 451 qui
441 408 573 440 eandem
601 408 822 450 magistrorum
842 406 1017 437 doctrinam
1042 408 1143 438 secuti
1167 413 1251 438 sunt.
1278 408 1326 438 Ex
1350 408 1455 439 Ionica

133 468 216 493 secta
239 463 457 503 Anaxagoram
481 473 569 493 nunc
594 462 771 492 nominasse
795 460 945 499 sufficiat,
973 461 1028 503 qui
1048 461 1189 503 primus,
1213 461 1356 491 omnium
1377 472 1455 492 cou-

131 525 241 553 senm,
267 516 318 547 τὸν
339 520 419 553 νοῦν,
445 520 601 552 mentem,
626 525 722 556 quam
743 514 918 556 sapientem
941 519 974 544 et
993 525 1058 544 non
1082 514 1310 545 dissolvendam
1329 515 1455 554 statuit,

132 579 154 598 a
165 567 295 598 materia
310 567 482 609 separavit,
499 572 596 609 atque
611 577 650 596 ex
668 577 704 597 ea
723 566 843 596 animos
858 566 1015 597 humanos
1031 566 1216 609 profluxisse
1233 566 1324 598 dixit.
1345 568 1456 610 Itaque

132 626 165 651 et
185 631 202 651 a
223 621 355 651 materia
376 620 514 652 diversos
530 625 561 650 et
581 618 773 649 immortales
794 629 846 649 eos
866 630 931 650 esse
950 619 1051 651 voluit
1067 620 1124 661 (2).
1157 620 1244 658 Quid
1263 620 1325 664 jam
1346 632 1456 652 omnes

131 673 318 716 Pythagorae
338 679 506 704 sectatores
524 683 753 711 memoremus,
775 673 859 702 inter
879 683 957 714 quos
972 673 1091 703 eminet
1104 673 1241 704 Timaeus
1253 673 1307 704 ille
1322 675 1454 714 Locrus,

132 726 189 769 qui
211 727 332 757 animos
350 738 367 756 a
386 725 462 765 deo,
483 727 584 768 prima
605 732 638 756 et
658 731 775 756 aeterna
797 725 940 756 omnium
962 736 1069 756 rerum
1092 736 1200 764 causa,
1222 737 1286 756 esse
1306 738 1456 768 procrea—

132 785 179 810 tos
193 785 226 810 et
241 779 404 811 voluntate
420 779 471 810 dei
493 790 618 821 semper
633 784 855 809 conservatum
875 778 930 817 iri,
949 778 1075 821 egregio
1094 778 1148 809 illo
1169 778 1207 809 de
1222 780 1326 810 anima
1343 779 1455 810 mundi

130 831 237 863 libello
257 831 390 863 docuit?
411 832 450 863 Hi
471 832 557 863 enim
577 832 779 874 praeceptoris
799 832 936 874 vestigiis
950 833 1129 863 insistentes
1145 832 1235 863 firma
1250 832 1311 863 fide
1331 834 1456 864 animo-

130 897 203 917 rum
225 891 295 928 post
314 886 453 929 corporis
474 892 608 917 mortem
633 885 832 916 durationem
856 885 1070 916 retinuerunt.
1103 884 1167 915 Illis
1187 891 1317 927 propter
1341 885 1455 917 delicta

131 939 229 969 animi
243 939 282 972 iu
305 950 420 981 corpus
441 944 532 969 erant
552 938 699 977 immissi,
725 944 757 969 et
770 950 788 968 a
809 949 940 980 corpore
957 937 1081 969 liberati
1101 950 1158 980 pro
1173 940 1246 970 vitae
1263 941 1384 970 ratione
1403 940 1455 972 vel

130 989 265 1021 sublime
286 990 438 1032 petebant
458 990 509 1021 vel
530 989 599 1020 loco
619 996 762 1032 separato
778 991 812 1021 in
833 1002 906 1021 orco
923 991 1151 1033 puniebantur.
1177 992 1297 1023 Praeter
1315 992 1383 1023 haec
1401 993 1454 1024 alii

131 1041 310 1073 docuerunt
328 1043 448 1072 animos
461 1054 478 1073 a
500 1053 629 1084 corpore
647 1042 794 1073 liberatos
812 1043 880 1073 fieri
896 1043 1024 1082 heroas,
1045 1043 1097 1075 vel
1118 1046 1250 1076 transire
1272 1046 1306 1075 in
1324 1057 1454 1088 corpora

129 1094 315 1125 animalium
339 1094 563 1132 hominumve,
589 1099 621 1123 at
644 1099 715 1135 post
732 1100 867 1125 mortem
889 1106 1054 1127 remanere
1081 1102 1189 1128 tamen
1207 1098 1264 1139 (3).
1310 1098 1453 1130 Ventum

126 1157 215 1177 nunc
237 1151 283 1176 est
299 1145 339 1176 ad
358 1145 536 1184 Socratem,
552 1145 748 1187 Anaxagorae
769 1151 802 1176 et
819 1147 965 1178 Archelai
982 1147 1177 1189 auditorem,
1200 1151 1253 1181 cui
1273 1150 1312 1181 de
1330 1152 1454 1183 animo-

126 1209 197 1229 rum
219 1197 455 1228 immortalitate
477 1198 520 1228 ita
541 1208 727 1240 persuasum
745 1198 826 1238 fuit,
848 1205 885 1230 ut
904 1207 1054 1241 mortem,
1079 1213 1175 1244 quam
1197 1203 1264 1245 ipse
1289 1205 1453 1247 migratio-

125 1260 200 1281 nem
221 1249 421 1292 appellabat,
451 1249 589 1281 libenter
616 1257 647 1281 et
674 1251 758 1282 bono
782 1253 888 1283 animo
909 1253 1050 1293 subiret,
1083 1261 1179 1298 atque
1209 1257 1276 1298 ipso
1302 1268 1451 1300 supremo

126 1303 199 1334 vitae
221 1303 272 1334 die
293 1303 394 1334 multa
415 1303 454 1334 de
475 1303 712 1334 immortalitate
733 1303 909 1336 dissereret.
944 1317 963 1336 ))
979 1306 1034 1337 His
1054 1313 1087 1338 et
1106 1308 1174 1339 aliis
1196 1310 1385 1350 rationibus,
1407 1312 1452 1343 sic

125 1355 165 1387 de
187 1367 224 1387 eo
243 1355 351 1386 scribit
368 1356 494 1395 Cicero,
514 1355 670 1387 adductus
690 1357 847 1397 Socrates,
868 1369 928 1389 nec
947 1365 1119 1402 patronum
1139 1363 1287 1404 quaesivit
1305 1363 1345 1394 ad
1363 1364 1452 1407 judi—

124 1409 211 1440 cium
236 1409 363 1451 capitis,
396 1419 457 1439 uec
477 1408 637 1452 judicibus
662 1410 798 1452 supplex
822 1411 905 1450 fuit,
935 1419 968 1444 et
990 1425 1064 1445 cum
1089 1426 1182 1457 paene
1203 1416 1238 1446 in
1263 1427 1361 1447 manu
1385 1416 1450 1460 jam

125 1461 327 1493 mortiferum
347 1461 428 1492 illud
454 1467 581 1493 teneret.
599 1463 773 1505 poculum,
797 1463 924 1496 locutus
943 1467 986 1497 ita
1011 1473 1072 1508 est,
1099 1474 1220 1499 utnon
1247 1469 1288 1500 ad
1315 1476 1450 1502 mortem

125 1514 231 1554 trudi,
256 1525 369 1546 verum
389 1516 422 1545 in
444 1515 561 1547 coelum
581 1516 745 1549 videretur
765 1517 968 1550 adscendere.
998 1520 1043 1550 Ita
1066 1521 1151 1552 enim
1174 1521 1341 1561 censebat,
1372 1522 1449 1554 duas

125 1577 191 1597 esse
212 1567 277 1598 vias
298 1566 505 1610 duplicesque
526 1557 638 1600 cursus
655 1570 835 1602 animorum
855 1583 873 1602 e
890 1583 1020 1615 corpore
1038 1573 1274 1606 excedentium.
1294 1575 1375 1606 Nam
1392 1578 1449 1618 qui

124 1630 157 1650 se
173 1619 321 1659 humanis
345 1621 427 1652 vitiis
448 1623 745 1655 contaminavissent
749 1648 861 1655 ......
891 1626 928 1656 iis
950 1625 1080 1657 devium
1102 1626 1261 1669 quoddam
1280 1628 1341 1658 iter
1364 1639 1446 1668 esse,

124 1671 282 1704 seclusum
306 1684 324 1703 a
348 1673 481 1704 concilio
501 1674 655 1716 deorum;
686 1678 742 1720 qui
762 1684 870 1709 autem
890 1690 922 1710 se
946 1680 1085 1722 integros
1107 1685 1269 1723 castosque
1293 1682 1447 1715 servavis-

126 1730 195 1756 sent
198 1748 277 1756 .....
307 1725 346 1756 ad
367 1726 453 1766 illos,
477 1738 494 1758 a
511 1728 628 1770 quibus
646 1737 749 1761 essent
766 1732 920 1774 profecti,
947 1732 1087 1764 reditum
1106 1733 1234 1765 facilem
1248 1740 1357 1777 patere
1367 1735 1445 1777 (4).⁷'

123 1788 644 1800 Ἢ

186 1826 219 1856 (ι)
235 1827 295 1850 Vid.
312 1833 409 1857 praeter.
428 1829 502 1860 Diog.
519 1830 601 1853 Laert.
619 1831 638 1853 1.
655 1831 674 1854 1.
691 1832 813 1856 fflidasin
828 1841 885 1857 voce
900 1835 994 1863 Θαλὲςῑ
1009 1835 1134 1858 Nemesius
1151 1835 1180 1857 de
1195 1839 1249 1857 nat.
1269 1835 1366 1858 homin.
1381 1843 1404 1858 c.
1417 1844 1441 1858 2.

125 1865 207 1888 Variis
222 1867 300 1889 modis
313 1867 362 1891 viri
376 1869 441 1891 docti
454 1869 504 1892 haec
521 1870 649 1894 conciliare
664 1872 822 1902 studuerum5
842 1874 876 1897 cf.
896 1874 1000 1897 Casaub.
1020 1874 1050 1897 ad
1064 1874 1138 1904 Diog.
1159 1874 1241 1896 Laert.
1260 1874 1280 1896 l.
1299 1874 1319 1897 l.

186 1907 219 1934 (2)
237 1906 296 1928 Vid.
314 1906 418 1930 Aristot.
435 1908 464 1931 de
479 1909 570 1932 Anima
584 1909 605 1932 l.
622 1912 645 1933 Ι.
661 1919 684 1934 c.
700 1920 724 1934 2.
741 1920 767 1942 p.
783 1913 838 1936 382.
857 1914 876 1936 Β
892 1918 915 1936 ει
927 1914 962 1941 G,
976 1913 1038 1936 edit.
1054 1913 1105 1935 Jul.
1126 1913 1203 1936 Paeii.
1221 1913 1334 1936 Francos.
1357 1915 1423 1944 1598.

185 1944 218 1973 (3)
236 1944 296 1967 Vid.
314 1945 424 1969 Athenaei
441 1949 656 1978 Δειπνοσοφιυ-τὸἱν.
671 1950 717 1973 lib.
738 1951 783 1979 1V,
803 1952 845 1980 ¹45
864 1952 986 1975 Lucianus
1001 1953 1148 1983 Alectryon,
1168 1961 1190 1975 c.
1209 1954 1248 1981 16;
1267 1953 1339 1985 Diog.
1358 1954 1439 1977 Laert.

124 1981 200 2005 V111.
217 1990 292 2013 segra.
311 1991 354 2013 21,
369 1985 413 2014 51,
427 1986 473 2015 3²5
492 1986 560 2010 Plut.
577 1988 606 2010 de
620 1988 685 2018 plac.
703 1989 769 2019 phil.
785 1989 806 2012 l.
825 1991 849 2012 1.
863 1997 887 2012 c.
904 1991 931 2018 83
949 1990 1036 2014 Seneca
1052 1999 1091 2022 ep.
1110 1992 1164 2020 1083
1183 1992 1259 2015 Ovid.
1274 1993 1334 2016 Met.
1347 1993 1366 2016 l.
1379 1993 1437 2016 XV.

123 2028 162 2045 vs.
185 2022 250 2045 158-
263 2023 315 2052 ¹75·

184 2062 217 2091 (4)
232 2061 284 2085 Cic.
307 2062 380 2085 Tuae.
401 2068 486 2094 quaest.
507 2064 526 2088 1.
544 2066 564 2088 1.
580 2073 602 2088 c.
626 2074 655 2096 ²9
670 2066 697 2090 in
714 2066 761 2090 fine
777 2071 800 2090 et
814 2068 843 2091 50
856 2067 939 2091 initio.
