1747 2620
886 255 1000 299 (42)

273 332 371 363 semcl
392 331 522 371 accidit,
546 338 583 363 ut
603 332 636 362 in
658 331 767 363 eodem
793 330 873 362 libro
895 330 1051 362 contraria
1072 336 1169 373 atque
1191 330 1249 361 sibi
1270 330 1409 362 invicem
1429 330 1607 374 pugnantia

273 386 490 417 inveniantur.
516 385 610 424 Quod
632 385 762 427 quidem
784 386 816 415 in
838 384 927 416 nulla
946 384 1006 415 alia
1030 396 1063 416 re
1083 385 1182 427 magis
1202 390 1350 427 apparet,
1371 396 1468 428 quam
1487 385 1521 415 in
1538 383 1606 427 ejus

274 439 312 470 (le
341 439 578 471 immortalitate
604 439 766 477 doctrina,
798 440 920 481 quippe
949 449 1045 481 quam
1074 450 1162 469 nuuc
1188 449 1227 469 ex
1251 438 1385 469 Socratis
1411 444 1443 470 et
1467 437 1608 469 Platonis

274 494 438 524 sententiis
464 500 594 524 strenue
618 492 788 531 defendat,
812 503 900 523 nunc
926 492 959 522 in
983 504 1186 524 communem
1213 493 1391 524 Stoicorum
1416 491 1607 523 sententiam

274 547 399 577 decidat
420 547 477 588 (1).
505 547 552 577 De
574 546 677 576 Plinio
703 547 796 576 etiam
819 547 892 576 satis
913 553 1025 577 notum
1048 553 1093 578 est
1117 558 1191 578 eum
1214 547 1459 578 immortalitatis
1482 546 1608 589 opinio-

273 611 347 631 nem
366 612 478 632 vanam
494 600 640 631 habuisse
657 606 688 630 et
704 600 952 642 superstitiosam
969 600 1027 642 (2).
1054 601 1142 639 Quid
1159 601 1284 632 multa‘?
1306 601 1373 632 liaec
1389 613 1445 632 sno
1464 606 1609 643 tempore

273 653 336 698 jam
358 655 482 697 scripsit
502 654 631 686 Cicero:
649 660 784 686 caterva?
805 655 942 686 veniunt
961 654 1248 687 contradicentium
1263 679 1271 695 ,
1289 666 1349 686 nec
1370 655 1473 686 solum
1485 654 1609 697 Epicu-

273 720 418 748 reorum,
445 708 500 739 sed
522 709 628 739 nescio
652 707 827 751 quomodo,
850 708 1049 740 doctissimus
1068 710 1205 752 quisque
1227 709 1310 740 lianc
1329 710 1511 752 opinionem
1529 718 1608 738 con—

273 763 400 793 temnit.
426 763 474 794 Ex
490 762 609 794 Judaeis
629 774 758 805 quoque
773 762 961 794 Sadducaeos
979 773 1053 793 cum
1070 762 1109 793 ab
1126 763 1280 794 institutis
1296 763 1406 805 patriis
1421 767 1453 793 et
1468 761 1608 804 puritate

274 816 380 847 cultus
396 816 495 848 divini
512 816 551 848 ad
569 817 701 859 Epicuri
723 817 918 859 voluptatem
937 822 969 847 et
984 816 1110 848 decreta
1127 816 1316 856 deficerent,
1336 815 1609 847 immortalitatem

273 880 419 912 negasse,
443 871 529 901 testis
550 875 596 900 est
617 870 775 912 ,Iosephus
793 870 851 911 (3).

316 925 422 966 Atque
449 924 517 955 haec
543 923 582 954 de
607 924 757 966 antiquis.
788 924 837 953 Ex
864 922 1095 953 recentioribus
1124 933 1199 954 vero
1224 923 1341 954 multos
1369 922 1464 953 etiam
1490 921 1609 959 fuisse,

273 978 328 1020 qui
346 977 594 1017 contenderent,
611 978 731 1008 animos
750 977 846 1008 simul
862 988 937 1008 cum
958 987 1090 1020 corpore
1107 977 1256 1016 interire,
1277 988 1372 1008 nemo
1386 977 1497 1007 nescit.
1520 975 1610 1014 Quid

271 1032 475 1063 nominemus
490 1031 693 1063 Dodwellum
711 1031 757 1072 (4)
773 1037 805 1062 et
822 1031 900 1073 quid
917 1031 1065 1073 Origenis
1081 1030 1242 1070 studium,
1259 1031 1315 1074 qui
1332 1030 1371 1061 ab
1385 1040 1493 1061 errore
1509 1028 1609 1060 redu—

273 1096 345 1116 cere
360 1091 491 1117 conatus
502 1091 549 1117 est
560 1085 706 1116 homines
720 1085 789 1116 illos
801 1084 966 1124 Arabicos,
980 1085 1036 1127 qui
1048 1085 1195 1127 extingui
1207 1086 1351 1116 animum
1368 1096 1443 1115 cum
1459 1094 1608 1126 corpore,

272 1139 326 1170 sed
339 1146 445 1182 postea
461 1141 667 1177 reviviscere,
686 1145 852 1171 censerent
869 1139 925 1181 (5).
943 1138 1032 1178 Quid
1048 1138 1257 1177 Covvarduin,
1274 1138 1469 1177 Folandum,
1489 1137 1610 1169 Helve-

272 1193 372 1233 tium,
385 1193 558 1233 Humium,
573 1193 671 1224 alios?
685 1193 756 1224 Non
772 1199 837 1223 tam
852 1192 947 1234 longo
962 1198 1106 1234 tempore
1120 1192 1253 1232 abhinc,
1266 1191 1451 1235 Priestlejus
1467 1191 1609 1234 proprias

271 1259 307 1278 ac
318 1249 424 1290 privas
437 1248 576 1280 materiae
588 1247 768 1278 attrahendi
781 1252 813 1277 et
828 1246 1005 1288 repellendi
1018 1247 1100 1278 vires
1115 1246 1292 1277 attribuens
1301 1270 1308 1284 ,
1322 1246 1466 1276 animum
1479 1256 1609 1287 quoque

271 1307 395 1333 naturae
416 1312 591 1345 corporeae,
618 1307 715 1343 atque
736 1306 850 1331 natura
872 1311 928 1331 sua
951 1299 1120 1331 mortalem
1140 1310 1222 1338 esse,
1245 1300 1371 1337 statuit,
1396 1305 1483 1329 ratus
1504 1304 1611 1329 tamen

272 1357 341 1388 fieri
359 1368 463 1399 posse,
486 1362 524 1388 ut
539 1356 625 1387 Deus
641 1355 788 1399 posthac,
812 1366 887 1386 cum
908 1354 1004 1385 simul
1020 1365 1094 1386 cum
1111 1364 1242 1397 corpore
1257 1353 1439 1392 interierat,
1458 1351 1610 1383 eumdem

270 1413 472 1443 resuscitaret
487 1410 546 1454 (6)
569 1410 650 1449 Quis
669 1411 793 1453 ignorat
814 1409 861 1439 De
878 1408 907 1439 la
925 1407 1068 1447 Mettrie,
1088 1408 1145 1450 qui
1164 1406 1407 1451 abjectissimam
1423 1405 1462 1436 de
1478 1404 1610 1436 homine

271 1466 437 1509 proferens
459 1465 660 1507 opinionem,
681 1464 824 1495 animum
844 1462 930 1493 idem
950 1472 1017 1493 esse
1037 1461 1135 1501 dixit,
1157 1460 1243 1503 quod
1267 1471 1382 1502 corpus
1404 1458 1609 1502 corporisque

272 1519 456 1561 compositio
484 1524 517 1549 et
547 1518 735 1560 temperatio
760 1517 819 1559 (7).
855 1515 938 1547 Addi
968 1521 1102 1558 possunt
1130 1521 1241 1547 auctor
1268 1513 1341 1545 libri
1372 1513 1412 1544 de
1440 1518 1609 1556 systemate

272 1579 412 1612 naturae,
436 1571 606 1614 d'Argens,
629 1572 685 1614 qui
709 1582 837 1602 omnem
858 1570 988 1601 omnino
1014 1569 1183 1600 hominum
1209 1567 1423 1610 cognitionem
1453 1567 1609 1598 incertam

273 1633 305 1658 et
324 1637 437 1659 vanam
459 1636 544 1665 esse,
566 1625 733 1656 ostendere
760 1624 880 1667 cupiit,
902 1623 1094 1655 Wielandus
1116 1626 1148 1655 in
1173 1621 1385 1661 Euthanasia,
1409 1621 1462 1653 alii
1488 1621 1608 1665 plures,

348 1743 366 1769 1)
384 1740 424 1763 Cf.
446 1740 475 1762 de
495 1748 521 1762 eo
539 1740 625 1763 Strnve
645 1741 664 1762 1.
687 1740 707 1762 l.
723 1740 795 1762 sectio
812 1741 861 1762 111.
884 1740 896 1769 §
915 1740 940 1762 8.

346 1785 367 1811 2)
385 1781 493 1808 Plinius,
516 1781 576 1803 hist.
602 1785 672 1809 nah,
694 1780 713 1802 l.
736 1780 796 1804 Vn.
819 1788 842 1803 c.
864 1780 904 1803 55.

344 1823 366 1850 3)
386 1821 445 1844 Vid.
470 1821 569 1844 Flavius
587 1821 718 1851 Josephus,
737 1821 818 1851 antiq.
839 1820 933 1850 judaie.
956 1820 976 1842 l.
996 1819 1096 1842 XVIII.
1117 1828 1140 1843 c.
1161 1827 1184 1842 2.

333 1864 365 1890 (4)
383 1862 422 1884 Cf.
446 1862 479 1885 H.
505 1862 660 1890 Dodweltus,
682 1869 713 1884 an
730 1862 863 1891 epistolary
883 1861 1003 1883 discourse
1020 1861 1124 1891 proving
1144 1859 1208 1883 stom
1232 1859 1273 1882 the
1292 1859 1410 1889 scripture
1427 1857 1477 1881 aud
1502 1857 1542 1880 the
1560 1856 1612 1880 first

273 1902 380 1930 suthem,
400 1903 453 1925 that
469 1903 508 1925 the
525 1903 576 1925 soul
592 1902 611 1924 is
629 1910 641 1924 a
658 1902 778 1933 principle
795 1902 922 1931 naturally
940 1902 1040 1924 mortal.
1066 1900 1164 1929 Lond.‚
1182 1900 1252 1930 1706.

333 1944 366 1972 (5)
384 1942 424 1965 Cf.
441 1943 567 1971 Buddeus,
587 1950 670 1974 progr.
689 1942 718 1965 de
734 1942 818 1966 haeresi
836 1942 996 1965 Arabicarum
1014 1941 1038 1964 in
1057 1942 1108 1971 ejus
1125 1941 1228 1964 miscell.
1250 1948 1312 1963 sacr.
1334 1939 1364 1963 P.
1383 1941 1406 1962 Ι.
1428 1947 1454 1970 p.
1475 1939 1530 1962 538.

333 1741 340 1770 t

335 1782 342 1811 (

334 1823 340 1850 (

334 1983 367 2013 (6)
384 1983 425 2006 Cf.
446 1991 504 2014 quas
521 1983 546 2006 in
564 1983 642 2006 lucem
660 1983 752 2012 edidit,
770 1983 938 2014 disquisitions
956 1982 1059 2013 relatiug
1081 1987 1105 2005 to
1123 1987 1211 2005 matter
1230 1982 1278 2004 and
1297 1981 1381 2012 spirit,
1398 1981 1461 2003 with
1484 1988 1497 2002 a
1513 1979 1610 2009 history

275 2024 302 2047 of
318 2024 357 2047 the
372 2024 553 2055 philosophical
569 2024 678 2047 doctrine
695 2024 724 2047 of
738 2025 778 2048 the
794 2025 860 2053 soul,
881 2025 928 2047 and
947 2025 987 2047 the
1002 2028 1089 2047 nature
1106 2023 1135 2046 os
1147 2027 1234 2046 matter
1248 2027 1296 2045 etc.
1318 2022 1402 2049 Lond,
1418 2022 1485 2050 1877.

334 2065 367 2094 (7)
384 2064 424 2087 Cf.
447 2064 545 2088 OEuvres
567 2064 658 2095 philos.
684 2065 713 2087 de
736 2065 772 2088 M.
796 2065 824 2088 de
843 2065 867 2088 la
886 2065 996 2094 Mende,
1016 2065 1056 2088 sed
1078 2064 1192 2094 inprimis
1217 2068 1264 2086 tres
1286 2063 1335 2086 iltae
1362 2061 1539 2092 disputationes
1558 2068 1610 2091 quae

280 2105 452 2128 nscribuntur:
475 2105 590 2128 l⁷h0mme
606 2104 730 2134 machine,
753 2105 823 2128 trane
841 2105 870 2129 de
882 2105 953 2129 l'ame
971 2110 995 2129 et
1007 2105 1122 2128 l'homme
1140 2105 1233 2136 plante.
