1747 2620
718 247 729 290 (
755 249 793 280 51
820 248 832 290 )

151 327 276 360 Deinde
299 333 330 359 et
350 325 432 358 illud
456 325 541 356 inter
563 323 633 367 jura
656 328 884 354 extraneorum
909 323 942 354 in
964 322 1076 366 Belgio
1104 323 1217 355 merito
1240 323 1448 356 referendum

106 389 169 423 est,
189 394 240 414 eos
257 382 296 413 ab
315 382 402 412 omni
423 380 532 422 legum
554 383 735 409 nostrarum
756 376 970 420 applicatione
993 378 1153 408 immunes
1172 389 1253 416 esse,
1276 378 1371 408 etiam
1392 379 1449 409 ad-

107 448 216 469 versus
235 436 390 479 privatos,
412 439 542 477 propter
563 437 630 463 acta
652 433 685 462 in
701 430 811 479 'alieno
840 431 1014 471 territorio3
1040 431 1125 474 quod
1148 431 1278 474 quidem
1303 430 1352 474 jus
1375 443 1450 462 cum

107 492 174 534 ipsa
195 491 333 522 hominis
356 489 470 520 natura
491 486 700 530 conjunctum
717 491 781 524 est,
803 497 875 528 quae
894 484 1017 516 nullam
1034 495 1101 516 esse
1117 484 1207 528 jubet
1221 484 1299 528 legis
1315 484 1450 529 alicujus

107 547 171 577 vim
193 546 226 576 in
248 556 323 576 eum
352 544 408 586 qui
431 542 576 574 nondum
601 540 648 571 illi
670 539 842 571 submissus
863 545 940 570 erat.
967 539 1063 577 Quod
1093 538 1223 581 quidem
1244 538 1295 582 jus
1316 540 1450 582 saepius,

108 610 220 630 verum
238 598 414 637 immerito,
437 596 487 641 jus
504 596 595 638 asyli
612 594 733 626 dictum
752 599 814 632 est,
831 592 909 624 falsa
930 599 1028 636 atque
1044 593 1191 635 pervers-21
1208 594 1450 636 significatione.

107 655 276 696 Denique,
309 653 451 695 exeeptis
481 648 761 694 dispositionibus,
798 659 870 690 quae
901 648 997 678 unice
1024 647 1222 678 habilitatem
1252 647 1451 690 personalem

108 713 325 747 concernunt,
345 707 455 750 legum
475 711 656 737 nostrarum
678 703 718 735 de
739 713 774 733 re
795 702 983 733 mercatoria
1006 701 1225 744 dispositiones
1247 702 1285 732 ad
1306 703 1452 745 peregri-

76 790 80 794 .
108 775 165 794 nos
189 763 285 794 etiam
313 763 489 805 pertinent.
526 759 622 798 Quod
646 758 732 790 idem
758 757 797 788 de
820 757 858 787 iis
887 756 1013 799 legibus
1038 755 1263 787 affirmandum
1286 762 1353 797 est,
1381 768 1454 800 quae

109 828 176 849 rem
199 817 355 860 agrariam
377 820 532 858 spectant.
560 813 571 855 (
590 813 676 844 Coele
696 812 842 853 Rural.)

153 872 330 914 Hucusque
352 870 392 902 de
416 869 503 901 civili
529 868 776 912 peregrinorum
797 865 996 913 conditione,
1018 863 1210 908 juribusque
1231 876 1306 896 cum
1328 864 1365 896 ea
1386 866 1455 908 pri-

108 927 208 957 mario
229 924 409 969 conjunctis
429 923 582 954 diximus:
606 922 669 964 jam
692 919 868 951 videndum
891 918 1067 961 quomodo,
1091 918 1274 961 quibusque
1295 918 1455 950 conditio-

111 980 206 1011 nibus
224 979 402 1022 peregrinis
423 977 493 1020 jura
514 988 570 1007 sua
591 978 624 1006 in
645 974 758 1017 Belgio
777 974 927 1016 persequi
948 972 1059 1009 licem
1085 972 1171 1015 quod
1195 973 1306 1015 paucis
1326 979 1454 1005 tantum

111 1032 321 1064 absolvemus.
349 1031 417 1062 Hoc
438 1031 524 1061 enim
543 1034 771 1072 argumentum
788 1029 831 1058 ita
850 1028 998 1058 tractavit
1020 1027 1066 1058 Cl.
1084 1027 1177 1058 Rolin
1195 1028 1229 1058 in
1249 1028 1377 1071 egregia
1398 1028 1455 1060 sua

111 1088 183 1118 diss.
201 1087 329 1128 inaug„
352 1091 388 1116 ut
405 1084 510 1126 pudor
530 1084 571 1113 sit
590 1088 660 1125 post
681 1093 756 1113 eum
778 1081 825 1112 illi
846 1082 1002 1112 insistere.

153 1192 311 1224 XXXIV.
347 1191 528 1231 Quoniam,
552 1196 590 1222 ut
612 1202 708 1233 supra
733 1190 936 1229 monuimus,
958 1190 1060 1221 omnis
1081 1188 1259 1233 jurisdictio
1282 1189 1321 1220 ad
1342 1188 1455 1221 subdi-

108 1253 213 1279 torum
238 1246 374 1278 tutelam
393 1246 539 1289 proxime
559 1250 697 1287 spectat,
725 1251 821 1287 atque
843 1245 1013 1287 peregrino
1039 1245 1071 1275 in
1098 1255 1197 1286 regno
1220 1245 1358 1275 versanti
1384 1251 1454 1276 tum

107 1302 215 1345 ipsum
236 1300 286 1343 jus
305 1299 503 1338 universale,
527 1305 597 1330 tum
619 1298 763 1341 specialis
786 1298 865 1341 legis
884 1304 999 1329 nostrae
1022 1297 1273 1329 fundamentalis
1293 1298 1455 1341 dispositio

106 1356 189 1398 (art.
207 1355 263 1397 4.)
283 1354 411 1397 imperii
425 1353 525 1384 nostri
539 1352 697 1385 auxilium
712 1352 813 1384 tribui
831 1352 981 1394 jubeant,
1002 1363 1199 1395 consequens
1217 1358 1280 1391 est,
1300 1358 1338 1383 ut
1354 1364 1455 1395 gene-

107 1410 201 1441 ratim
221 1414 414 1448 statuamus,
434 1408 611 1451 peregrinis
630 1407 692 1438 illis
709 1408 743 1438 in
761 1407 873 1450 Belgio
885 1406 1076 1450 degentibus
1091 1405 1320 1449 jurisdictionis
1339 1413 1455 1438 nostrae

107 1464 301 1496 beneficium
318 1474 384 1494 esse
400 1462 719 1494 communicandum.
731 1462 856 1493 Verum
873 1467 980 1492 tamen
997 1472 1055 1504 per
1070 1471 1103 1491 se
1122 1466 1224 1503 patet,
1240 1461 1454 1503 quaestionem

109 1518 149 1550 de
164 1518 385 1562 jurisdictione
400 1516 530 1560 Belgica
547 1528 622 1548 cum
638 1516 799 1548 extraneis
814 1515 1050 1547 communicata
1060 1539 1068 1555 ,
1086 1514 1249 1554 nondum,
1266 1513 1327 1545 hac
1342 1514 1454 1556 regula

108 1572 286 1615 proposita,
308 1571 443 1603 solutam
463 1582 546 1611 esse,
567 1582 642 1602 nam
662 1576 695 1602 et
715 1571 800 1610 haec,
824 1570 927 1613 qualis
948 1581 965 1600 a
986 1568 1077 1600 nobis
1097 1567 1235 1599 adducta
1255 1573 1317 1607 est,
1334 1578 1455 1611 excep—

108 1627 209 1657 tiones
232 1624 384 1668 quasdam
405 1624 560 1664 admittit,
582 1630 615 1656 et
634 1635 691 1668 per
714 1635 746 1655 se
768 1624 807 1655 ad
829 1630 997 1655 extraneos
1017 1629 1105 1654 extra
1125 1622 1275 1665 Belgium
1293 1629 1454 1654 versantes

109 1691 173 1711 non
188 1680 338 1723 pertinet.
361 1679 408 1710 Ut
422 1680 523 1723 igitur
539 1679 600 1710 hoc
617 1684 846 1722 argumentum
864 1678 1029 1721 aliquanto
1045 1677 1188 1720 plenius,
1204 1677 1262 1708 etsi
1277 1688 1342 1708 non
1358 1677 1454 1720 plane

111 1733 162 1772 ea,
189 1745 285 1777 quam
306 1744 356 1765 res
379 1733 464 1764 ferre
485 1732 630 1773 videtur,
657 1733 768 1776 copia,
795 1739 1046 1776 pertractemus,
1073 1732 1276 1763 distinctione
1303 1743 1383 1774 opus
1408 1738 1454 1763 est

111 1787 247 1819 actiones
266 1788 350 1820 inter
365 1787 466 1820 reales
484 1793 582 1831 atque
603 1786 800 1831 personaleS,
817 1798 954 1830 quarum
972 1787 1164 1818 exercitium
1182 1786 1314 1818 diversis
1329 1787 1453 1829 regitur

112 1841 286 1884 principiis.

156 1948 300 1980 XXXV.
337 1950 385 1981 De
411 1951 491 1982 reali
517 1950 648 1995 quidem
676 1950 898 1995 jurisdictione
921 1948 1070 1992 expedita
1097 1959 1147 1980 res
1172 1954 1229 1980 est.
1264 1948 1340 1980 Haec
1364 1948 1451 1980 enim

112 2001 192 2033 solas
212 2003 351 2034 actiones
371 2003 411 2035 de
431 2016 466 2036 re
487 2004 644 2036 immobili
664 2004 838 2038 movendas
858 2002 1119 2047 comprehendit,
1141 2014 1243 2046 quum
1267 2014 1305 2034 ex
1323 2007 1451 2045 recepto

110 2058 146 2088 in
161 2056 232 2102 jure
248 2058 407 2102 principio
425 2057 487 2101 (de
500 2070 564 2103 quo
578 2071 612 2091 n.
631 2060 741 2092 XVIII
756 2058 856 2104 hujus
871 2058 978 2103 part.)
993 2068 1048 2093 res
1062 2056 1195 2090 mobiles
1212 2057 1313 2101 ipsam
1329 2055 1452 2087 domini
