1747 2620
893 265 1005 307 (42)

285 355 349 374 nou
376 342 490 387 rejicit.
520 341 688 384 Quidquid
714 341 773 372 liae
799 340 838 371 de
862 351 895 370 rc
923 341 982 378 sit,
1016 350 1117 381 quum
1144 339 1195 371 vel
1216 339 1334 381 ligatur
1358 339 1410 372 vel
1430 339 1617 372 obliteratur

287 397 404 430 ductus
425 396 634 435 Thoracicus,
656 395 923 438 impedimentum
946 394 1054 424 itineri
1075 393 1160 436 chyli
1181 392 1347 437 objicitur,
1366 400 1398 425 et
1418 400 1497 426 tunc
1518 401 1621 438 potest

285 451 340 482 ille
364 462 420 494 per
451 450 543 481 aliam
571 451 654 481 viam
679 449 827 490 sanguini
858 446 998 478 infundi.
1029 447 1090 478 Sed
1117 458 1219 489 quum
1244 447 1434 480 discinditur
1460 460 1512 481 vas
1538 449 1621 480 illud

287 504 498 535 Thoracicum
514 527 522 542 ,
549 509 672 533 tantum
699 501 786 532 abest
812 507 848 532 ut
872 501 1067 544 impediatur
1091 502 1231 545 lymphae
1257 503 1334 542 iter,
1362 503 1442 546 quin
1468 514 1485 534 e
1512 509 1620 535 contra

287 559 380 590 latior
409 559 467 600 ipsi
498 568 629 599 campus
659 555 862 594 conceditur,
894 556 999 586 exitus
1029 555 1150 587 scilicet
1173 557 1207 587 in
1237 556 1399 597 Thorace,
1434 569 1497 588 non
1522 557 1621 600 igitur

287 612 346 644 sub
367 612 427 643 hac
449 611 630 642 conditione
643 634 651 650 ,
670 610 752 652 (nisi
774 615 881 640 tamen
900 619 937 640 eo
954 609 1179 651 perveniamus
1199 616 1237 641 ut
1256 610 1391 642 ductum
1408 610 1621 642 Thoracicum

288 665 426 709 ligatura
449 666 665 709 constringere
690 664 866 708 possimus)
891 674 947 706 per
968 663 1062 695 aliam
1085 664 1169 695 viam
1191 663 1305 707 chylus
1329 664 1402 704 ibit,
1428 671 1461 696 et
1482 675 1499 696 e
1521 663 1622 696 canali

289 732 346 752 suo
370 720 568 752 effundetur.

731 815 762 846 3.
801 814 857 845 De
892 813 1074 856 OEsopltagi
1103 825 1178 845 usa.

335 914 437 945 Homo
467 913 501 944 in
529 912 682 943 continuo
707 910 947 953 organisationis
971 916 1004 941 et
1028 910 1323 953 desorganisationis
1345 916 1437 942 motu
1460 916 1624 950 versatur,

290 980 329 1000 ex
350 969 492 1011 ipsorum
516 972 663 996 motuum
688 963 772 1008 justo
795 962 973 1006 aequilibrio
998 963 1098 1005 ipsius
1122 964 1294 1005 organismi
1316 964 1481 1006 integritas
1506 964 1627 1007 pendet

291 1028 388 1064 atque
409 1020 623 1052 incolumitas.
648 1018 751 1050 Affert
769 1018 856 1060 prior
870 1016 1029 1060 quidquid
1045 1019 1199 1060 posterior
1215 1017 1360 1057 abstulit,
1380 1018 1469 1060 atqui
1485 1023 1522 1049 ut
1540 1017 1628 1061 quod

291 1076 434 1108 ablatum
459 1075 523 1106 fuit
551 1074 759 1112 restituatur,
788 1078 862 1115 eget
892 1071 988 1103 homo
1012 1071 1108 1103 rebus
1131 1073 1288 1112 externis,
1321 1072 1481 1103 alimentis
1507 1071 1627 1102 scilicet

293 1141 365 1173 quac
387 1129 420 1160 in
443 1127 661 1160 ventriculum
682 1125 865 1157 introducta
887 1125 986 1169 hujus
1009 1126 1119 1168 organi
1141 1126 1229 1157 vitali
1250 1126 1374 1157 actione
1396 1131 1471 1157 sunt
1490 1124 1629 1157 submit-

292 1183 399 1216 tenda.
426 1183 481 1213 Ast
500 1182 566 1221 via,
587 1180 651 1224 qua
669 1179 831 1211 stomacho
850 1190 900 1211 res
921 1185 1065 1210 externae
1085 1178 1323 1219 inFunduntur,
1339 1179 1550 1222 OEsophagus
1564 1184 1627 1210 est:

292 1249 326 1269 os
343 1238 428 1268 inter
446 1241 478 1267 et
493 1234 632 1266 cardiam
653 1240 821 1272 extensus,
847 1232 950 1264 solum
971 1238 1004 1263 et
1021 1232 1156 1263 unicum
1179 1232 1476 1263 communicationis
1498 1231 1628 1263 modum

292 1292 373 1323 sistit
405 1291 489 1321 inter
517 1287 735 1321 ventriculum
759 1292 792 1318 et
816 1297 866 1317 res
897 1292 1065 1325 externas,
1095 1291 1128 1316 et
1151 1285 1287 1328 proinde
1311 1286 1395 1316 inter
1422 1285 1572 1315 alimenta
1597 1290 1630 1315 et

293 1345 513 1389 digestionem.
536 1343 618 1382 Quae
643 1343 693 1374 via
718 1341 744 1372 si
764 1352 821 1384 per
841 1340 1032 1372 solutionem
1057 1339 1275 1371 continuitatis
1297 1338 1490 1381 OEsophago
1512 1337 1630 1369 induc-

292 1406 358 1432 tam
379 1397 645 1440 interrumpitur,
665 1407 729 1427 non
749 1394 852 1426 solum
871 1393 1097 1425 alimentorum
1120 1392 1159 1424 ad
1180 1392 1398 1424 ventriculum
1417 1391 1580 1424 devolutio
1596 1392 1631 1422 fit

292 1451 513 1496 impossibilis,
538 1450 628 1482 nulla
649 1455 697 1481 est
716 1448 870 1492 digestiO,
892 1446 981 1478 nulla
1004 1447 1155 1486 nutritio,
1178 1451 1210 1477 et
1230 1445 1407 1478 inevitabili
1429 1445 1501 1476 tabe
1525 1451 1631 1477 totum

295 1517 411 1549 corpus
435 1505 625 1548 corripitur,
654 1502 709 1535 sed
733 1508 766 1534 et
797 1501 1015 1541 nutrimenta,
1046 1511 1119 1543 quae
1143 1510 1270 1532 sumere
1294 1505 1373 1531 tunc
1397 1499 1571 1539 vellemus,
1596 1499 1631 1530 in

294 1560 446 1592 Thoracis
460 1570 574 1591 cavum
587 1557 798 1596 delabuntur,
815 1555 1080 1595 accumulantur,
1095 1555 1214 1587 vicinas
1230 1559 1334 1597 partes
1350 1564 1441 1596 aeque
1452 1565 1488 1584 ac
1499 1564 1631 1596 corpora

297 1615 404 1646 omnia
433 1613 648 1656 heterogenea
672 1612 820 1651 irritant,
851 1616 883 1642 et
911 1615 1064 1650 mortem,
1101 1609 1126 1641 si
1151 1620 1217 1640 non
1246 1607 1429 1648 inducunt,
1459 1606 1630 1638 manifesto

296 1668 486 1701 accelerant.
