1747 2620
888 275 903 317 (
927 275 968 306 36
993 276 1007 316 )

278 350 390 382 vatura
435 350 492 382 sua
530 350 728 382 dextrorsum
762 355 914 380 truncum
950 347 1317 390 brachio-cephalicum
1359 349 1450 380 lateri
1495 349 1606 382 dextro

277 405 424 447 partique
449 404 558 447 capitis
580 403 698 435 dextrae
724 403 937 441 destinatum,
968 403 1180 432 sinistrorsum
1209 402 1380 433 carotidem
1409 403 1605 445 primitivam

278 457 389 500 capiti,
411 463 507 499 atque
526 456 726 487 subclaveam
748 454 890 485 membro
911 455 1066 496 superiori
1087 455 1211 486 sinistro
1232 456 1359 487 emittit.

298 523 302 525 -
320 510 493 540 Pericardii
515 520 616 551 quum
632 508 876 549 descriptionem
892 507 1038 538 dedimus
1057 508 1146 538 binas
1161 509 1193 539 in
1211 509 1265 540 illo
1281 509 1482 541 distinximus
1500 520 1607 541 mem-

277 563 405 602 branas,
428 567 592 592 externam
615 560 735 591 seilicet
751 572 821 603 quae
842 559 952 591 fibrosa
977 566 1038 599 est,
1063 561 1193 593 alteram
1214 573 1367 594 serosam:
1393 563 1507 594 harum
1530 564 1607 594 uni-

277 616 394 657 cuique
418 626 473 646 sua
495 620 542 645 est
563 615 687 645 functio
713 626 809 657 quam
831 625 983 657 peragere
1009 613 1123 654 debet,
1154 615 1265 647 fibrosa
1290 618 1375 648 enim
1401 617 1517 648 limites
1543 618 1608 648 cir-

277 668 460 701 cumscribit
485 668 596 700 solidas
619 669 761 700 cavitatis
781 669 813 698 in
841 668 903 711 qua
924 667 1024 699 cordis
1046 674 1150 700 motus
1176 670 1285 713 perfici
1311 669 1428 701 debent
1447 671 1604 713 istosque,

276 724 301 753 si
326 723 416 753 nimii
437 722 576 761 fuerint,
602 721 744 761 cohibet3
767 721 837 752 haec
860 726 1012 762 praeterea
1035 720 1204 753 fortissime
1225 734 1299 754 cum
1320 729 1429 753 centro
1453 723 1608 765 phrenico

277 776 432 815 cohaeret,
454 787 518 818 quo
534 781 625 818 pacto
641 775 727 806 cordi
743 776 839 806 situm
856 780 951 817 atque
970 774 1176 806 directionem
1194 776 1289 807 fixam
1303 775 1513 818 stabilemque
1529 787 1607 807 con-

276 829 377 868 ciliat,
402 829 601 871 impeditque
622 829 794 871 quominus
815 839 931 871 vagum
947 828 1113 859 hincinde
1134 830 1166 859 in
1187 829 1338 860 Thoracis
1356 840 1434 860 cavo
1452 829 1604 868 fluctuet;

275 883 389 925 vagina
402 882 511 913 fibrosa
523 882 649 913 exordia
662 883 807 913 omnium
817 893 964 914 vasorum
976 881 1169 921 circumdat,
1182 893 1245 924 quo
1257 883 1290 913 in
1306 882 1429 914 fortiori
1443 882 1607 925 sanguinis

275 935 431 978 propulsu
452 936 593 978 ipsorum
610 935 828 966 dilatationem
849 940 1035 977 praecaveat.
1061 934 1169 965 Serosa
1187 935 1370 966 immediate
1389 947 1442 966 cor
1461 935 1607 978 undique

275 989 423 1029 involvit,
446 990 545 1032 ipsius
566 989 682 1021 faciem
705 990 857 1020 continuo
879 988 1025 1020 exhalato
1050 998 1166 1030 vapore
1191 987 1375 1019 lubrificans
1401 987 1469 1031 ejus
1501 993 1607 1018 motus

275 1053 372 1084 quam
393 1043 531 1073 maxime
552 1041 657 1084 juvat,
684 1042 782 1086 liujus
801 1042 994 1074 membranae
1013 1041 1133 1073 utilitas
1159 1047 1291 1084 apparet
1312 1052 1331 1072 e
1355 1040 1456 1072 turbis
1477 1041 1608 1083 pericu-

274 1095 456 1135 lusionibus,
479 1106 557 1137 quas
578 1094 721 1138 ejusdem
737 1106 862 1138 semper
882 1100 981 1126 status
995 1094 1219 1138 Pathologicus
1233 1094 1396 1137 producit,
1412 1095 1437 1125 si
1453 1094 1606 1125 nimirum

276 1154 408 1190 ruptum
425 1148 465 1178 sit
480 1147 694 1190 aequilibrium
710 1147 943 1191 absorptionem
959 1148 1043 1178 inter
1058 1153 1090 1178 et
1105 1147 1338 1179 exhalationem
1350 1171 1358 1186 ,
1377 1158 1524 1190 quaenam
1541 1158 1606 1178 non

275 1197 391 1233 exinde
412 1202 602 1240 anxietates,
624 1208 703 1244 quot
719 1208 903 1244 quantaque
919 1201 1061 1244 pericula
1076 1212 1141 1232 non
1161 1200 1333 1232 oriuntur?
1348 1201 1372 1231 si
1389 1211 1464 1231 vero
1482 1199 1607 1231 deficiat

274 1256 417 1286 serositas
431 1254 576 1297 protinus
591 1254 841 1286 inflammatione
858 1254 1025 1294 lethifera,
1044 1255 1148 1284 omnia
1166 1254 1358 1296 plerumque
1378 1253 1516 1284 remedia
1534 1253 1607 1284 elu-

275 1308 385 1347 dente,
411 1320 464 1339 cor
489 1308 671 1350 corripitur.

318 1361 400 1393 Cum
421 1362 525 1404 primo
544 1367 673 1404 aspectu
699 1367 762 1392 tota
785 1361 902 1394 cavitas
925 1361 1097 1393 Thoracica
1123 1360 1256 1391 formata
1282 1359 1410 1391 videtur
1438 1359 1477 1390 ad
1503 1365 1610 1392 motus

273 1415 492 1457 exequendos,
531 1421 637 1446 tamen
672 1415 697 1445 si
731 1414 924 1458 profundius
954 1415 1203 1457 investigamus,
1234 1424 1308 1444 mox
1337 1413 1486 1444 certiores
1514 1414 1609 1444 fimus

275 1480 344 1500 eam
369 1475 492 1511 partem
519 1469 551 1498 in
587 1468 650 1510 qua
677 1479 730 1499 cor
759 1474 822 1508 est,
852 1467 1048 1500 immobilem
1077 1468 1207 1499 omnino
1241 1478 1332 1498 esse:
1366 1478 1439 1498 nam
1472 1478 1489 1498 a
1516 1473 1608 1510 parte

274 1522 437 1564 posteriori
475 1521 654 1564 applicatur
687 1521 764 1553 huic
796 1521 954 1553 columnae
987 1521 1171 1553 vertebralis
1205 1521 1286 1563 parti
1303 1544 1311 1560 ,
1355 1531 1426 1563 quae
1458 1521 1607 1551 minimos

272 1581 376 1606 motus
397 1576 583 1618 exequitur3
610 1574 649 1606 ad
670 1577 861 1606 anteriorem
881 1575 1038 1606 limitatur
1055 1574 1210 1605 immobili
1237 1580 1360 1613 sterno,
1382 1573 1460 1605 dum
1476 1574 1606 1604 inferne

276 1635 384 1660 centro
400 1629 553 1671 phrenico
575 1629 750 1668 incumbit,
768 1629 854 1672 quod
872 1640 1013 1671 semper,
1034 1634 1124 1659 tenso
1144 1627 1325 1659 relaxatove
1345 1626 1605 1670 diaphragmate,

277 1681 415 1713 eundem
442 1682 509 1713 fere
529 1688 645 1714 statum
666 1688 784 1714 servat:
806 1682 875 1713 haec
898 1691 1009 1713 revera
1033 1680 1194 1724 dispositio
1215 1681 1259 1711 sic
1280 1691 1312 1711 se
1336 1679 1453 1710 habere
1477 1679 1604 1719 debuit,

277 1746 317 1765 ne
344 1736 423 1765 actio
447 1735 548 1766 cordis
571 1735 709 1766 motibus
730 1735 817 1766 illam
840 1733 1088 1776 impedientibus
1112 1733 1312 1773 turbaretur,
1334 1738 1366 1764 et
1382 1743 1422 1764 ne
1443 1744 1481 1764 ex
1503 1731 1607 1763 turbis

277 1788 488 1820 circulationis
511 1788 607 1819 totius
626 1789 812 1819 oeconomiae
835 1788 973 1820 turbatio
996 1794 1194 1831 sequeretur.
