1747 2620
869 272 983 316 (24)

306 355 347 386 Π.
379 353 485 386 Prima
509 362 544 382 ac
569 349 731 393 praecipua
756 353 981 379 extraneorum
1004 346 1087 376 sicut
1112 351 1144 377 et
1168 345 1367 389 reliquorum
1393 345 1595 380 subditorum

264 410 389 441 TUTELA
411 408 445 438 in
466 417 503 438 eo
524 405 622 448 posita
642 409 703 442 est,
727 407 764 433 ut
783 400 853 445 jura
874 401 1071 444 privatorum
1095 405 1207 430 mutua
1229 399 1354 442 legibus
1375 399 1596 432 determinen-

265 470 334 503 tur,
361 463 386 493 si
411 466 610 492 controversa
635 458 716 496 sint,
744 455 949 493 decidantur,
981 460 1013 485 et
1043 454 1072 485 vi
1095 453 1224 496 public&
1252 453 1468 485 vindicentur.
1511 455 1596 486 Vera

265 517 351 548 enim
366 515 503 559 jurium,
522 523 592 555 quae
608 509 739 553 singulis
755 513 958 551 competunt,
975 509 1126 538 securitas
1142 506 1277 538 obtineri
1293 508 1422 550 nequit,
1440 509 1596 551 quamdiu

266 571 331 613 ipsa
354 568 406 599 illa
433 567 502 611 jura
529 566 562 596 in
588 565 709 595 incerto
734 568 818 594 sunt.
849 560 990 591 subditis
1015 561 1114 604 igitur
1139 560 1302 601 omnibus,
1325 561 1469 605 adeoque
1500 563 1595 594 etiam

266 622 440 665 generatim
467 619 624 651 extraneis
650 619 683 648 in
710 616 821 659 Belgio
845 614 1043 647 domicilium
1070 615 1252 658 legitimum
1279 615 1488 657 habentibus,
1517 618 1598 649 fun-

266 678 378 709 dorum
402 676 577 706 aliarumve
599 684 706 704 rerum
728 671 919 702 commercio
942 669 1007 701 illic
1028 669 1210 709 utentibus,
1238 671 1391 713 competit
1409 670 1460 715 jus
1478 683 1495 702 a
1517 672 1598 704 civi-

268 732 338 762 tatis
354 736 467 761 nostrae
484 727 617 770 imperio
638 725 803 768 exigendi,
823 730 861 755 ut
879 723 948 767 jura
968 735 1041 763 sua,
1060 729 1213 766 tanquam
1234 723 1452 764 subditorum,
1473 725 1598 768 privata

267 785 399 828 legibus
421 781 568 814 civilibus
589 780 731 819 definiri,
754 780 787 810 in
809 778 943 809 dubium
968 783 1075 809 vocata
1102 778 1119 807 ξι
1136 777 1316 819 judicibus·
1342 778 1489 811 civilibus
1511 779 1598 823 judi-

267 839 349 878 cari,
377 837 512 878 latisque
543 834 707 865 sententiis
735 833 752 863 ἐι
777 833 941 863 ministris
964 832 1098 873 politice
1126 831 1300 874 judiciariae
1326 834 1470 864 exerceri
1496 840 1598 865 curet.

266 892 410 923 Pertinet
437 890 522 920 enim
548 888 608 918 hoc
634 892 783 928 respectu
808 891 943 927 potestas
968 885 1095 928 justitian
1126 885 1226 917 civilis
1253 886 1291 917 ad
1316 886 1491 918 doctrinam
1522 887 1601 931 juris

267 944 405 988 publici,
429 953 530 984 quum
551 941 617 982 ipsa
638 939 759 982 jurium
782 938 925 968 civilium
950 948 1005 967 seu
1028 939 1226 978 privatorum
1248 939 1281 969 in
1307 939 1418 982 Belgio
1444 941 1600 972 constitu-

269 1004 373 1030 torum
393 994 546 1038 expositio
568 992 646 1036 juris
667 990 788 1034 Belgici
808 989 923 1033 privati
945 988 1107 1032 objectum
1133 990 1317 1022 constituat.

312 1085 368 1116 III.
402 1082 518 1114 Incolae
541 1082 658 1124 igitur,
687 1079 742 1122 qui
763 1077 912 1120 Belgium
936 1087 975 1107 ex
999 1076 1091 1108 caus&
1116 1077 1272 1120 perpetua
1299 1077 1501 1119 inhabitant,
1528 1079 1604 1111 licet

270 1141 389 1172 civium
411 1137 591 1169 conditione
613 1146 677 1165 non
699 1139 849 1170 utantur,
872 1130 922 1175 jus
942 1130 1049 1173 adepti
1067 1136 1143 1162 sunt
1163 1131 1202 1162 ad
1221 1131 1323 1174 leges,
1345 1131 1464 1175 judicia
1486 1139 1519 1164 et
1537 1134 1603 1165 vim

271 1193 431 1237 publicani
452 1190 587 1223 civitatis
608 1194 720 1219 nostrae
742 1185 933 1229 provocandi
951 1186 984 1215 in
1001 1185 1088 1215 omni
1103 1185 1159 1216 su&
1178 1186 1302 1228 privat&
1321 1185 1492 1226 relatione,
1510 1187 1603 1218 modo

272 1248 357 1279 tertii
382 1245 538 1289 cujusque
568 1242 638 1286 jura
663 1247 743 1272 sarta
766 1246 847 1271 tecta
867 1246 1047 1272 serventur.
1072 1239 1201 1269 Etenim
1222 1238 1372 1281 publicus
1392 1239 1468 1270 ordo
1488 1245 1520 1271 et
1540 1240 1605 1271 dis-

271 1301 387 1343 ciplina
407 1310 472 1330 non
492 1298 617 1335 ferunt,
638 1302 675 1327 ut
696 1294 801 1338 quoad
816 1305 865 1325 res
887 1293 956 1324 illas
979 1292 1067 1324 aliud
1087 1293 1260 1335 imperium
1281 1299 1469 1336 agnoscant,
1492 1295 1549 1336 qui
1570 1294 1603 1324 in

270 1366 370 1398 regno
385 1358 491 1384 nostro
513 1350 710 1382 domicilium
727 1348 934 1380 collocarunt.
957 1346 1082 1377 Verum
1102 1347 1242 1378 invicem
1259 1347 1435 1378 necessario
1454 1347 1605 1378 censendi

271 1414 346 1440 sunt
365 1407 450 1450 leges
471 1405 574 1448 Belgii
593 1403 701 1437 civiles
726 1402 906 1446 adoptasse,
932 1399 1036 1443 quoad
1058 1411 1167 1431 omnes
1187 1406 1276 1431 actus
1297 1402 1452 1442 privamS,
1478 1412 1557 1443 quos
1572 1402 1605 1432 in

270 1468 433 1506 posterum
454 1470 565 1503 gerere
588 1459 722 1502 possint,
746 1457 924 1500 quinimmo
946 1461 978 1486 et:
1003 1453 1164 1498 judicibus
1186 1453 1333 1486 civilibus
1357 1453 1486 1496 (quoad
1507 1455 1607 1486 actio—

272 1528 330 1548 nes
350 1526 422 1546 suas
440 1520 504 1545 tam
525 1514 642 1545 activas
663 1524 759 1556 quam
782 1511 934 1554 passivaS,
963 1514 1002 1542 ut.
1020 1508 1156 1550 dicunt)
1176 1513 1272 1551 atque
1292 1507 1413 1551 politiae
1431 1508 1606 1552 judiciariae

273 1570 426 1602 ministris
443 1579 475 1600 se
498 1568 688 1600 submisisse.
711 1567 795 1610 (Art.
818 1565 858 1597 15
881 1570 913 1596 et
932 1563 973 1595 16
994 1563 1029 1595 C.
1057 1562 1147 1605 Civ.)

319 1656 374 1688 IV.
409 1656 531 1688 Deinde
551 1658 572 1688 ii
591 1657 646 1699 qni
669 1655 896 1687 commercium
919 1651 1047 1696 aliquod
1071 1651 1248 1683 fundorum
1269 1661 1419 1683 rerumve
1439 1650 1606 1681 mobilium

275 1712 310 1742 in
331 1722 428 1754 regno
449 1717 555 1742 nostro
575 1716 740 1750 exercent,
759 1710 854 1741 etiam
877 1707 983 1751 quoad
1002 1717 1111 1738 omnes
1129 1706 1200 1737 talis
1218 1704 1402 1737 commercii
1419 1709 1508 1735 actus
1528 1703 1607 1734 fuu—

277 1765 455 1807 dornmque
480 1765 706 1808 possessionem
724 1775 759 1795 ac
788 1763 983 1801 dominium,
1011 1760 1141 1805 justitiae
1165 1765 1279 1791 nostrae
1301 1758 1402 1790 civilis
1425 1758 1608 1789 communi—

277 1820 433 1851 cationem
454 1820 601 1853 invocare
621 1824 768 1862 possunt,
795 1817 940 1860 quamvis
960 1816 1021 1859 ipsi
1039 1816 1073 1846 in
1088 1814 1144 1846 su&
1162 1813 1406 1857 peregrinorum
1426 1812 1608 1843 conditione

276 1874 528 1916 permanserint,
560 1874 712 1917 quoniam
737 1872 824 1904 enim
848 1871 1046 1902 territorium
1079 1880 1116 1900 ac
1143 1879 1193 1899 res
1221 1869 1254 1899 in
1287 1878 1324 1898 eo
1350 1872 1511 1899 versantes
1536 1865 1608 1910 jure

276 1927 450 1960 universali
468 1929 501 1958 in
521 1928 662 1959 dominio
677 1927 813 1959 civitatis
827 1932 918 1966 sunt,
941 1925 1104 1968 sequitur,
1121 1933 1309 1966 supremum
1327 1922 1418 1964 regni
1433 1921 1609 1964 imperium

278 1992 344 2012 non
363 1980 456 2011 modo
474 1981 513 2012 ad
533 1982 684 2012 territorii
705 1986 827 2024 partes,
852 1981 918 2012 sive
938 1979 976 2010 ad
1002 1978 1135 2018 fundos,
1159 1988 1272 2009 verum
1298 1976 1395 2007 etiam
1414 1974 1454 2006 ad
1470 1985 1519 2006 res
1538 1985 1610 2006 mo-

278 2034 356 2066 biles
376 2035 410 2066 in
429 2045 466 2065 eo
488 2041 665 2076 versantes,
690 2036 785 2068 etiam
811 2047 827 2067 a
849 2034 1026 2079 peregrinis
1048 2043 1201 2078 possessas
1224 2036 1280 2062 aut
1302 2029 1476 2063 vindicatas
1497 2039 1609 2060 neces-

279 2089 360 2121 sario
380 2088 522 2120 extendi.
