<?xml version="1.0" encoding="UTF-8"?>
<!DOCTYPE html PUBLIC "-//W3C//DTD XHTML 1.0 Transitional//EN"
    "http://www.w3.org/TR/xhtml1/DTD/xhtml1-transitional.dtd">
<html xmlns="http://www.w3.org/1999/xhtml" xml:lang="en" lang="en">
 <head>
  <title>
</title>
<meta http-equiv="Content-Type" content="text/html;charset=utf-8" />
  <meta name='ocr-system' content='tesseract 3.04.00' />
  <meta name='ocr-capabilities' content='ocr_page ocr_carea ocr_par ocr_line ocrx_word'/>
</head>
<body>
  <div class='ocr_page' id='page_1' title='image "annalesacademiae00acad_0099.png"; bbox 0 0 1747 2620; ppageno 0'>
   <div class='ocr_carea' id='block_1_1' title="bbox 752 225 868 269">
    <p class='ocr_par' dir='ltr' id='par_1_1' title="bbox 752 225 868 269">
     <span class='ocr_line' id='line_1_1' title="bbox 752 225 868 269; baseline 0.009 -1"><span class='ocrx_word' id='word_1_1' title='bbox 752 225 868 269; x_wconf 84' lang='lat'>(31)</span> 
     </span>
    </p>
   </div>
   <div class='ocr_carea' id='block_1_2' title="bbox 131 299 1479 943">
    <p class='ocr_par' dir='ltr' id='par_1_2' title="bbox 131 299 1479 943">
     <span class='ocr_line' id='line_1_2' title="bbox 136 299 1477 350; baseline -0.005 -11"><span class='ocrx_word' id='word_1_2' title='bbox 136 312 173 339; x_wconf 90' lang='lat' dir='ltr'>ut</span> <span class='ocrx_word' id='word_1_3' title='bbox 197 305 280 350; x_wconf 85' lang='lat' dir='ltr'>justa</span> <span class='ocrx_word' id='word_1_4' title='bbox 309 305 367 337; x_wconf 90' lang='lat' dir='ltr'>sibi</span> <span class='ocrx_word' id='word_1_5' title='bbox 393 309 561 348; x_wconf 74' lang='lat' dir='ltr'>praestetur</span> <span class='ocrx_word' id='word_1_6' title='bbox 588 301 781 333; x_wconf 83' lang='lat' dir='ltr'>indemnitas</span> <span class='ocrx_word' id='word_1_7' title='bbox 818 300 895 343; x_wconf 89' lang='lat' dir='ltr'>(art.</span> <span class='ocrx_word' id='word_1_8' title='bbox 920 300 984 341; x_wconf 78' lang='grc'>164</span> <span class='ocrx_word' id='word_1_9' title='bbox 1005 301 1040 331; x_wconf 91' lang='lat' dir='ltr'>L.</span> <span class='ocrx_word' id='word_1_10' title='bbox 1062 300 1127 342; x_wconf 75' lang='lat' dir='ltr'>R).</span> <span class='ocrx_word' id='word_1_11' title='bbox 1174 299 1210 343; x_wconf 84' lang='lat' dir='ltr'>c)</span> <span class='ocrx_word' id='word_1_12' title='bbox 1247 299 1477 332; x_wconf 85' lang='lat' dir='ltr'>Controversiae</span> 
     </span>
     <span class='ocr_line' id='line_1_3' title="bbox 136 353 1477 403; baseline -0.006 -11"><span class='ocrx_word' id='word_1_13' title='bbox 136 371 262 400; x_wconf 87' lang='lat' dir='ltr'>omnes,</span> <span class='ocrx_word' id='word_1_14' title='bbox 287 371 359 403; x_wconf 80' lang='lat' dir='ltr'>quae</span> <span class='ocrx_word' id='word_1_15' title='bbox 380 358 431 391; x_wconf 90' lang='lat' dir='ltr'>vel</span> <span class='ocrx_word' id='word_1_16' title='bbox 454 358 493 389; x_wconf 90' lang='lat' dir='ltr'>de</span> <span class='ocrx_word' id='word_1_17' title='bbox 513 357 654 389; x_wconf 90' lang='lat' dir='ltr'>dominio</span> <span class='ocrx_word' id='word_1_18' title='bbox 675 355 867 400; x_wconf 85' lang='lat' dir='ltr'>juribusque</span> <span class='ocrx_word' id='word_1_19' title='bbox 888 366 928 386; x_wconf 76' lang='lat' dir='ltr'>ex</span> <span class='ocrx_word' id='word_1_20' title='bbox 943 366 980 386; x_wconf 90' lang='lat' dir='ltr'>eo</span> <span class='ocrx_word' id='word_1_21' title='bbox 998 354 1157 394; x_wconf 81' lang='lat' dir='ltr'><strong>oriundis,</strong></span> <span class='ocrx_word' id='word_1_22' title='bbox 1177 353 1229 385; x_wconf 86' lang='lat' dir='ltr'>vel</span> <span class='ocrx_word' id='word_1_23' title='bbox 1250 353 1289 384; x_wconf 90' lang='lat' dir='ltr'>de</span> <span class='ocrx_word' id='word_1_24' title='bbox 1309 354 1477 385; x_wconf 87' lang='lat' dir='ltr'>contractis</span> 
     </span>
     <span class='ocr_line' id='line_1_4' title="bbox 136 408 1478 457; baseline -0.005 -12"><span class='ocrx_word' id='word_1_25' title='bbox 136 413 381 457; x_wconf 82' lang='lat' dir='ltr'>obligationibus</span> <span class='ocrx_word' id='word_1_26' title='bbox 402 418 457 444; x_wconf 89' lang='lat' dir='ltr'>aut</span> <span class='ocrx_word' id='word_1_27' title='bbox 482 412 523 443; x_wconf 86' lang='lat' dir='ltr'>de</span> <span class='ocrx_word' id='word_1_28' title='bbox 543 410 669 455; x_wconf 85' lang='lat' dir='ltr'>juribus</span> <span class='ocrx_word' id='word_1_29' title='bbox 691 410 763 454; x_wconf 85' lang='lat' dir='ltr'>lege</span> <span class='ocrx_word' id='word_1_30' title='bbox 784 410 872 442; x_wconf 86' lang='lat' dir='ltr'>civili</span> <span class='ocrx_word' id='word_1_31' title='bbox 893 409 1112 441; x_wconf 76' lang='lat' dir='ltr'>determinatis</span> <span class='ocrx_word' id='word_1_32' title='bbox 1134 414 1323 448; x_wconf 80' lang='lat' dir='ltr'>moventur,</span> <span class='ocrx_word' id='word_1_33' title='bbox 1351 408 1478 439; x_wconf 85' lang='lat' dir='ltr'>nonnisi</span> 
     </span>
     <span class='ocr_line' id='line_1_5' title="bbox 136 461 1478 509; baseline -0.005 -10"><span class='ocrx_word' id='word_1_34' title='bbox 136 468 175 499; x_wconf 86' lang='lat' dir='ltr'>ad</span> <span class='ocrx_word' id='word_1_35' title='bbox 198 467 407 499; x_wconf 79' lang='lat' dir='ltr'>tribunalium</span> <span class='ocrx_word' id='word_1_36' title='bbox 433 466 648 509; x_wconf 85' lang='lat' dir='ltr'>cognitionem</span> <span class='ocrx_word' id='word_1_37' title='bbox 672 465 837 508; x_wconf 87' lang='lat' dir='ltr'>pertinent</span> <span class='ocrx_word' id='word_1_38' title='bbox 861 463 939 506; x_wconf 84' lang='lat' dir='ltr'>(art.</span> <span class='ocrx_word' id='word_1_39' title='bbox 961 464 1053 507; x_wconf 83' lang='lat'>165).</span> <span class='ocrx_word' id='word_1_40' title='bbox 1090 464 1133 506; x_wconf 74' lang='lat' dir='ltr'>d)</span> <span class='ocrx_word' id='word_1_41' title='bbox 1156 462 1292 495; x_wconf 80' lang='lat' dir='ltr'>Nullum</span> <span class='ocrx_word' id='word_1_42' title='bbox 1319 461 1478 493; x_wconf 84' lang='lat' dir='ltr'>tributum</span> 
     </span>
     <span class='ocr_line' id='line_1_6' title="bbox 135 516 1479 564; baseline -0.004 -11"><span class='ocrx_word' id='word_1_43' title='bbox 135 527 191 553; x_wconf 83' lang='lat' dir='ltr'>aut</span> <span class='ocrx_word' id='word_1_44' title='bbox 211 520 346 564; x_wconf 84' lang='lat' dir='ltr'>vectigal</span> <span class='ocrx_word' id='word_1_45' title='bbox 370 521 405 551; x_wconf 89' lang='lat' dir='ltr'>in</span> <span class='ocrx_word' id='word_1_46' title='bbox 426 519 630 551; x_wconf 87' lang='lat' dir='ltr'>commodum</span> <span class='ocrx_word' id='word_1_47' title='bbox 653 520 755 551; x_wconf 83' lang='lat' dir='ltr'>aerarii</span> <span class='ocrx_word' id='word_1_48' title='bbox 778 518 901 563; x_wconf 87' lang='lat' dir='ltr'>publici</span> <span class='ocrx_word' id='word_1_49' title='bbox 924 519 1064 562; x_wconf 85' lang='lat' dir='ltr'>imponi,</span> <span class='ocrx_word' id='word_1_50' title='bbox 1091 519 1151 549; x_wconf 89' lang='lat' dir='ltr'>nisi</span> <span class='ocrx_word' id='word_1_51' title='bbox 1172 529 1212 549; x_wconf 80' lang='lat' dir='ltr'>ex</span> <span class='ocrx_word' id='word_1_52' title='bbox 1235 517 1314 561; x_wconf 83' lang='lat' dir='ltr'>legis</span> <span class='ocrx_word' id='word_1_53' title='bbox 1336 516 1479 548; x_wconf 79' lang='lat' dir='ltr'>auctori-</span> 
     </span>
     <span class='ocr_line' id='line_1_7' title="bbox 136 571 1478 618; baseline -0.004 -12"><span class='ocrx_word' id='word_1_54' title='bbox 136 581 200 606; x_wconf 88' lang='lat' dir='ltr'>tate</span> <span class='ocrx_word' id='word_1_55' title='bbox 230 580 333 618; x_wconf 83' lang='lat' dir='ltr'>potest</span> <span class='ocrx_word' id='word_1_56' title='bbox 358 573 437 616; x_wconf 87' lang='lat' dir='ltr'>(art.</span> <span class='ocrx_word' id='word_1_57' title='bbox 461 574 555 616; x_wconf 86' lang='lat'>197).</span> <span class='ocrx_word' id='word_1_58' title='bbox 597 574 747 616; x_wconf 88' lang='lat' dir='ltr'>Denique</span> <span class='ocrx_word' id='word_1_59' title='bbox 772 574 808 616; x_wconf 85' lang='lat' dir='ltr'>e)</span> <span class='ocrx_word' id='word_1_60' title='bbox 838 584 948 605; x_wconf 88' lang='lat' dir='ltr'>omnes</span> <span class='ocrx_word' id='word_1_61' title='bbox 972 579 1096 605; x_wconf 85' lang='lat' dir='ltr'>sumtus</span> <span class='ocrx_word' id='word_1_62' title='bbox 1122 573 1244 604; x_wconf 86' lang='lat' dir='ltr'>ratione</span> <span class='ocrx_word' id='word_1_63' title='bbox 1273 571 1478 602; x_wconf 82' lang='lat' dir='ltr'>exercituum</span> 
     </span>
     <span class='ocr_line' id='line_1_8' title="bbox 134 626 1478 672; baseline -0.003 -12"><span class='ocrx_word' id='word_1_64' title='bbox 134 629 224 672; x_wconf 83' lang='lat' dir='ltr'>regni</span> <span class='ocrx_word' id='word_1_65' title='bbox 249 628 422 672; x_wconf 79' lang='lat' dir='ltr'>erogandi,</span> <span class='ocrx_word' id='word_1_66' title='bbox 454 639 493 660; x_wconf 85' lang='lat' dir='ltr'>ex</span> <span class='ocrx_word' id='word_1_67' title='bbox 515 628 625 659; x_wconf 84' lang='lat' dir='ltr'>aerario</span> <span class='ocrx_word' id='word_1_68' title='bbox 650 627 779 671; x_wconf 88' lang='lat' dir='ltr'>publico</span> <span class='ocrx_word' id='word_1_69' title='bbox 805 627 884 661; x_wconf 90' lang='lat' dir='ltr'>solvi</span> <span class='ocrx_word' id='word_1_70' title='bbox 911 627 1039 659; x_wconf 87' lang='lat' dir='ltr'>debent.</span> <span class='ocrx_word' id='word_1_71' title='bbox 1077 627 1191 670; x_wconf 89' lang='lat' dir='ltr'>Neque</span> <span class='ocrx_word' id='word_1_72' title='bbox 1218 626 1360 657; x_wconf 81' lang='lat' dir='ltr'>militum</span> <span class='ocrx_word' id='word_1_73' title='bbox 1385 626 1478 656; x_wconf 88' lang='lat' dir='ltr'>tectis</span> 
     </span>
     <span class='ocr_line' id='line_1_9' title="bbox 134 680 1478 726; baseline -0.004 -11"><span class='ocrx_word' id='word_1_74' title='bbox 134 683 399 726; x_wconf 84' lang='lat' dir='ltr'>excipiendorum</span> <span class='ocrx_word' id='word_1_75' title='bbox 419 689 476 715; x_wconf 86' lang='lat' dir='ltr'>aut</span> <span class='ocrx_word' id='word_1_76' title='bbox 495 682 703 723; x_wconf 81' lang='lat' dir='ltr'>alendorum,</span> <span class='ocrx_word' id='word_1_77' title='bbox 721 682 964 726; x_wconf 76' lang='lat' dir='ltr'>praestationum</span> <span class='ocrx_word' id='word_1_78' title='bbox 981 682 1077 725; x_wconf 81' lang='lat' dir='ltr'>regiis</span> <span class='ocrx_word' id='word_1_79' title='bbox 1095 681 1194 724; x_wconf 84' lang='lat' dir='ltr'>copiis</span> <span class='ocrx_word' id='word_1_80' title='bbox 1214 686 1271 712; x_wconf 84' lang='lat' dir='ltr'>aut</span> <span class='ocrx_word' id='word_1_81' title='bbox 1289 680 1478 711; x_wconf 90' lang='lat' dir='ltr'>munimen—</span> 
     </span>
     <span class='ocr_line' id='line_1_10' title="bbox 133 732 1477 779; baseline -0.003 -11"><span class='ocrx_word' id='word_1_82' title='bbox 133 737 173 768; x_wconf 86' lang='lat' dir='ltr'>tis</span> <span class='ocrx_word' id='word_1_83' title='bbox 195 737 417 768; x_wconf 87' lang='lat' dir='ltr'>faciendarum</span> <span class='ocrx_word' id='word_1_84' title='bbox 441 748 521 768; x_wconf 90' lang='lat' dir='ltr'>onus</span> <span class='ocrx_word' id='word_1_85' title='bbox 546 737 604 767; x_wconf 93' lang='lat' dir='ltr'>uni</span> <span class='ocrx_word' id='word_1_86' title='bbox 629 735 817 779; x_wconf 87' lang='lat' dir='ltr'>pluribusve</span> <span class='ocrx_word' id='word_1_87' title='bbox 842 735 977 767; x_wconf 87' lang='lat' dir='ltr'>subditis</span> <span class='ocrx_word' id='word_1_88' title='bbox 1003 741 1060 767; x_wconf 86' lang='lat' dir='ltr'>aut</span> <span class='ocrx_word' id='word_1_89' title='bbox 1082 733 1264 768; x_wconf 83' lang='lat' dir='ltr'>civitatibus</span> <span class='ocrx_word' id='word_1_90' title='bbox 1288 732 1477 765; x_wconf 85' lang='lat' dir='ltr'>incumbere</span> 
     </span>
     <span class='ocr_line' id='line_1_11' title="bbox 132 785 1478 834; baseline -0.004 -11"><span class='ocrx_word' id='word_1_91' title='bbox 132 797 247 834; x_wconf 85' lang='lat' dir='ltr'>potest.</span> <span class='ocrx_word' id='word_1_92' title='bbox 278 792 375 832; x_wconf 89' lang='lat' dir='ltr'>Quod</span> <span class='ocrx_word' id='word_1_93' title='bbox 397 792 423 823; x_wconf 90' lang='lat' dir='ltr'>si</span> <span class='ocrx_word' id='word_1_94' title='bbox 443 791 482 823; x_wconf 90' lang='lat' dir='ltr'>ob</span> <span class='ocrx_word' id='word_1_95' title='bbox 503 791 759 822; x_wconf 81' lang='lat' dir='ltr'>circumstantias</span> <span class='ocrx_word' id='word_1_96' title='bbox 780 791 975 833; x_wconf 83' lang='lat' dir='ltr'>inopinatas,</span> <span class='ocrx_word' id='word_1_97' title='bbox 1000 789 1079 821; x_wconf 86' lang='lat' dir='ltr'>tales</span> <span class='ocrx_word' id='word_1_98' title='bbox 1100 788 1317 832; x_wconf 82' lang='lat' dir='ltr'>praestationes</span> <span class='ocrx_word' id='word_1_99' title='bbox 1337 786 1375 818; x_wconf 91' lang='lat' dir='ltr'>ab</span> <span class='ocrx_word' id='word_1_100' title='bbox 1390 785 1478 818; x_wconf 83' lang='lat' dir='ltr'>indi-</span> 
     </span>
     <span class='ocr_line' id='line_1_12' title="bbox 131 840 1476 888; baseline -0.004 -12"><span class='ocrx_word' id='word_1_101' title='bbox 131 845 238 877; x_wconf 83' lang='lat' dir='ltr'>viduis</span> <span class='ocrx_word' id='word_1_102' title='bbox 252 851 308 877; x_wconf 90' lang='lat' dir='ltr'>aut</span> <span class='ocrx_word' id='word_1_103' title='bbox 322 844 505 878; x_wconf 81' lang='lat' dir='ltr'>civitatibus</span> <span class='ocrx_word' id='word_1_104' title='bbox 518 845 611 885; x_wconf 80' lang='lat' dir='ltr'>fiant,</span> <span class='ocrx_word' id='word_1_105' title='bbox 629 844 698 876; x_wconf 83' lang='lat' dir='ltr'>haec</span> <span class='ocrx_word' id='word_1_106' title='bbox 714 845 820 876; x_wconf 88' lang='lat' dir='ltr'>omnia</span> <span class='ocrx_word' id='word_1_107' title='bbox 837 843 1017 888; x_wconf 87' lang='lat' dir='ltr'>respublica</span> <span class='ocrx_word' id='word_1_108' title='bbox 1033 847 1259 887; x_wconf 79' lang='lat' dir='ltr'>repraesentat,</span> <span class='ocrx_word' id='word_1_109' title='bbox 1276 840 1476 884; x_wconf 86' lang='lat' dir='ltr'>solviturque</span> 
     </span>
     <span class='ocr_line' id='line_1_13' title="bbox 131 898 862 943; baseline -0.003 -13"><span class='ocrx_word' id='word_1_110' title='bbox 131 905 199 931; x_wconf 89' lang='lat' dir='ltr'>rata</span> <span class='ocrx_word' id='word_1_111' title='bbox 225 905 258 931; x_wconf 90' lang='lat' dir='ltr'>et</span> <span class='ocrx_word' id='word_1_112' title='bbox 277 899 420 943; x_wconf 84' lang='lat' dir='ltr'>legitima</span> <span class='ocrx_word' id='word_1_113' title='bbox 441 898 634 931; x_wconf 80' lang='lat' dir='ltr'>indemnitas</span> <span class='ocrx_word' id='word_1_114' title='bbox 657 898 735 940; x_wconf 83' lang='lat' dir='ltr'>(art.</span> <span class='ocrx_word' id='word_1_115' title='bbox 761 898 862 940; x_wconf 55' lang='lat'>2122)</span> 
     </span>
    </p>
   </div>
   <div class='ocr_carea' id='block_1_3' title="bbox 127 982 1476 1948">
    <p class='ocr_par' dir='ltr' id='par_1_3' title="bbox 127 982 1476 1948">
     <span class='ocr_line' id='line_1_14' title="bbox 177 982 1476 1030; baseline -0.003 -13"><span class='ocrx_word' id='word_1_116' title='bbox 177 986 267 1017; x_wconf 87' lang='lat' dir='ltr'>XIV.</span> <span class='ocrx_word' id='word_1_117' title='bbox 303 986 391 1017; x_wconf 85' lang='lat' dir='ltr'>Inter</span> <span class='ocrx_word' id='word_1_118' title='bbox 413 984 536 1030; x_wconf 86' lang='lat' dir='ltr'>objecta</span> <span class='ocrx_word' id='word_1_119' title='bbox 558 984 669 1017; x_wconf 80' lang='lat' dir='ltr'>tutelae</span> <span class='ocrx_word' id='word_1_120' title='bbox 690 984 849 1016; x_wconf 80' lang='lat' dir='ltr'>extraneis</span> <span class='ocrx_word' id='word_1_121' title='bbox 868 983 983 1015; x_wconf 71' lang='lat' dir='ltr'>debitae</span> <span class='ocrx_word' id='word_1_122' title='bbox 1004 984 1101 1014; x_wconf 84' lang='lat' dir='ltr'>etiam</span> <span class='ocrx_word' id='word_1_123' title='bbox 1121 982 1321 1015; x_wconf 86' lang='lat' dir='ltr'>numeranda</span> <span class='ocrx_word' id='word_1_124' title='bbox 1342 988 1390 1014; x_wconf 82' lang='lat' dir='ltr'>est</span> <span class='ocrx_word' id='word_1_125' title='bbox 1409 993 1476 1013; x_wconf 85' lang='lat' dir='ltr'>non</span> 
     </span>
     <span class='ocr_line' id='line_1_15' title="bbox 134 1036 1476 1083; baseline -0.004 -12"><span class='ocrx_word' id='word_1_126' title='bbox 134 1040 364 1083; x_wconf 84' lang='lat' dir='ltr'>cogitationum</span> <span class='ocrx_word' id='word_1_127' title='bbox 386 1039 517 1082; x_wconf 86' lang='lat' dir='ltr'>quidem</span> <span class='ocrx_word' id='word_1_128' title='bbox 540 1039 638 1080; x_wconf 87' lang='lat' dir='ltr'>(nam</span> <span class='ocrx_word' id='word_1_129' title='bbox 661 1038 731 1077; x_wconf 84' lang='lat' dir='ltr'>hae,</span> <span class='ocrx_word' id='word_1_130' title='bbox 753 1044 866 1080; x_wconf 85' lang='lat' dir='ltr'>utpote</span> <span class='ocrx_word' id='word_1_131' title='bbox 888 1038 1019 1068; x_wconf 86' lang='lat' dir='ltr'>omn-ino</span> <span class='ocrx_word' id='word_1_132' title='bbox 1041 1038 1191 1077; x_wconf 75' lang='lat' dir='ltr'>internae,</span> <span class='ocrx_word' id='word_1_133' title='bbox 1214 1037 1344 1067; x_wconf 91' lang='lat' dir='ltr'>omnino</span> <span class='ocrx_word' id='word_1_134' title='bbox 1369 1036 1476 1078; x_wconf 90' lang='lat' dir='ltr'>impe-</span> 
     </span>
     <span class='ocr_line' id='line_1_16' title="bbox 133 1090 1476 1134; baseline -0.001 -11"><span class='ocrx_word' id='word_1_135' title='bbox 133 1093 194 1123; x_wconf 79' lang='lat' dir='ltr'>diri</span> <span class='ocrx_word' id='word_1_136' title='bbox 220 1092 424 1134; x_wconf 88' lang='lat' dir='ltr'>nequeunt),</span> <span class='ocrx_word' id='word_1_137' title='bbox 457 1102 573 1123; x_wconf 87' lang='lat' dir='ltr'>verum</span> <span class='ocrx_word' id='word_1_138' title='bbox 594 1101 631 1122; x_wconf 89' lang='lat' dir='ltr'>ea</span> <span class='ocrx_word' id='word_1_139' title='bbox 655 1101 728 1133; x_wconf 86' lang='lat' dir='ltr'>quae</span> <span class='ocrx_word' id='word_1_140' title='bbox 750 1090 869 1122; x_wconf 89' lang='lat' dir='ltr'>dicitur</span> <span class='ocrx_word' id='word_1_141' title='bbox 883 1092 977 1132; x_wconf 83' lang='lat' dir='ltr'>preli</span> <span class='ocrx_word' id='word_1_142' title='bbox 997 1091 1157 1128; x_wconf 78' lang='lat' dir='ltr'>libertas,</span> <span class='ocrx_word' id='word_1_143' title='bbox 1184 1101 1258 1133; x_wconf 85' lang='lat' dir='ltr'>quae</span> <span class='ocrx_word' id='word_1_144' title='bbox 1280 1090 1322 1121; x_wconf 88' lang='lat' dir='ltr'>ad</span> <span class='ocrx_word' id='word_1_145' title='bbox 1345 1101 1476 1121; x_wconf 87' lang='lat' dir='ltr'>omnem</span> 
     </span>
     <span class='ocr_line' id='line_1_17' title="bbox 132 1143 1475 1188; baseline -0.002 -11"><span class='ocrx_word' id='word_1_146' title='bbox 132 1144 264 1177; x_wconf 87' lang='lat' dir='ltr'>modum</span> <span class='ocrx_word' id='word_1_147' title='bbox 288 1145 494 1188; x_wconf 85' lang='lat' dir='ltr'>cogitationes</span> <span class='ocrx_word' id='word_1_148' title='bbox 516 1155 589 1175; x_wconf 89' lang='lat' dir='ltr'>suas</span> <span class='ocrx_word' id='word_1_149' title='bbox 608 1144 643 1175; x_wconf 92' lang='lat' dir='ltr'>in</span> <span class='ocrx_word' id='word_1_150' title='bbox 662 1143 831 1187; x_wconf 84' lang='lat' dir='ltr'>publicum</span> <span class='ocrx_word' id='word_1_151' title='bbox 852 1144 1038 1188; x_wconf 87' lang='lat' dir='ltr'>proferendi</span> <span class='ocrx_word' id='word_1_152' title='bbox 1058 1155 1125 1176; x_wconf 84' lang='lat' dir='ltr'>sese</span> <span class='ocrx_word' id='word_1_153' title='bbox 1148 1143 1306 1176; x_wconf 72' lang='lat' dir='ltr'>extendit.</span> <span class='ocrx_word' id='word_1_154' title='bbox 1343 1144 1392 1174; x_wconf 89' lang='lat' dir='ltr'>De</span> <span class='ocrx_word' id='word_1_155' title='bbox 1413 1143 1475 1175; x_wconf 72' lang='lat' dir='ltr'>hac</span> 
     </span>
     <span class='ocr_line' id='line_1_18' title="bbox 129 1197 1475 1241; baseline -0.001 -11"><span class='ocrx_word' id='word_1_156' title='bbox 129 1204 238 1230; x_wconf 89' lang='lat' dir='ltr'>autem</span> <span class='ocrx_word' id='word_1_157' title='bbox 260 1199 371 1230; x_wconf 86' lang='lat' dir='ltr'>statuit</span> <span class='ocrx_word' id='word_1_158' title='bbox 392 1204 455 1229; x_wconf 79' lang='lat' dir='ltr'>art.</span> <span class='ocrx_word' id='word_1_159' title='bbox 474 1199 537 1232; x_wconf 83' lang='lat'>227</span> <span class='ocrx_word' id='word_1_160' title='bbox 564 1199 605 1229; x_wconf 40' lang='lat' dir='ltr'>Li</span> <span class='ocrx_word' id='word_1_161' title='bbox 625 1198 660 1229; x_wconf 89' lang='lat' dir='ltr'>F.</span> <span class='ocrx_word' id='word_1_162' title='bbox 697 1198 879 1238; x_wconf 86' lang='lat' dir='ltr'>neminem,</span> <span class='ocrx_word' id='word_1_163' title='bbox 903 1204 941 1230; x_wconf 82' lang='lat' dir='ltr'>ut</span> <span class='ocrx_word' id='word_1_164' title='bbox 960 1198 1022 1229; x_wconf 91' lang='lat' dir='ltr'>hoc</span> <span class='ocrx_word' id='word_1_165' title='bbox 1047 1197 1142 1229; x_wconf 87' lang='lat' dir='ltr'>modo</span> <span class='ocrx_word' id='word_1_166' title='bbox 1165 1198 1372 1241; x_wconf 86' lang='lat' dir='ltr'>cogitationes</span> <span class='ocrx_word' id='word_1_167' title='bbox 1402 1209 1475 1230; x_wconf 89' lang='lat' dir='ltr'>suas</span> 
     </span>
     <span class='ocr_line' id='line_1_19' title="bbox 129 1251 1474 1295; baseline -0.001 -11"><span class='ocrx_word' id='word_1_168' title='bbox 129 1253 197 1287; x_wconf 86' lang='lat' dir='ltr'>aliis</span> <span class='ocrx_word' id='word_1_169' title='bbox 219 1253 453 1292; x_wconf 83' lang='lat' dir='ltr'>communicet,</span> <span class='ocrx_word' id='word_1_170' title='bbox 476 1252 594 1295; x_wconf 67' lang='lat' dir='ltr'>praevia</span> <span class='ocrx_word' id='word_1_171' title='bbox 614 1251 755 1295; x_wconf 63' lang='lat' dir='ltr'>quadam</span> <span class='ocrx_word' id='word_1_172' title='bbox 778 1252 984 1295; x_wconf 88' lang='lat' dir='ltr'>permissione</span> <span class='ocrx_word' id='word_1_173' title='bbox 1005 1262 1119 1295; x_wconf 82' lang='lat' dir='ltr'>egere,</span> <span class='ocrx_word' id='word_1_174' title='bbox 1140 1262 1254 1284; x_wconf 91' lang='lat' dir='ltr'>verum</span> <span class='ocrx_word' id='word_1_175' title='bbox 1272 1252 1296 1283; x_wconf 85' lang='lat' dir='ltr'>si</span> <span class='ocrx_word' id='word_1_176' title='bbox 1315 1252 1474 1283; x_wconf 87' lang='lat' dir='ltr'>societatis</span> 
     </span>
     <span class='ocr_line' id='line_1_20' title="bbox 128 1305 1471 1351; baseline -0.001 -13"><span class='ocrx_word' id='word_1_177' title='bbox 128 1313 185 1339; x_wconf 87' lang='lat' dir='ltr'>aut</span> <span class='ocrx_word' id='word_1_178' title='bbox 199 1318 341 1350; x_wconf 86' lang='lat' dir='ltr'>personae</span> <span class='ocrx_word' id='word_1_179' title='bbox 357 1305 525 1351; x_wconf 83' lang='lat' dir='ltr'>cujusdam</span> <span class='ocrx_word' id='word_1_180' title='bbox 544 1305 720 1339; x_wconf 85' lang='lat' dir='ltr'>individuae</span> <span class='ocrx_word' id='word_1_181' title='bbox 735 1305 806 1349; x_wconf 89' lang='lat' dir='ltr'>jura</span> <span class='ocrx_word' id='word_1_182' title='bbox 822 1306 877 1337; x_wconf 90' lang='lat' dir='ltr'>tali</span> <span class='ocrx_word' id='word_1_183' title='bbox 893 1306 1183 1339; x_wconf 85' lang='lat' dir='ltr'>communicatione</span> <span class='ocrx_word' id='word_1_184' title='bbox 1198 1305 1315 1338; x_wconf 70' lang='lat' dir='ltr'>violata</span> <span class='ocrx_word' id='word_1_185' title='bbox 1331 1305 1471 1346; x_wconf 84' lang='lat' dir='ltr'>fuerint,</span> 
     </span>
     <span class='ocr_line' id='line_1_21' title="bbox 128 1359 1474 1405; baseline -0.001 -12"><span class='ocrx_word' id='word_1_186' title='bbox 128 1360 197 1405; x_wconf 82' lang='lat' dir='ltr'>ejus</span> <span class='ocrx_word' id='word_1_187' title='bbox 223 1362 273 1393; x_wconf 86' lang='lat' dir='ltr'>rei</span> <span class='ocrx_word' id='word_1_188' title='bbox 299 1372 428 1392; x_wconf 87' lang='lat' dir='ltr'>omnem</span> <span class='ocrx_word' id='word_1_189' title='bbox 454 1360 660 1404; x_wconf 86' lang='lat' dir='ltr'>scriptorem,</span> <span class='ocrx_word' id='word_1_190' title='bbox 682 1359 938 1402; x_wconf 85' lang='lat' dir='ltr'>typographum,</span> <span class='ocrx_word' id='word_1_191' title='bbox 970 1360 1126 1391; x_wconf 84' lang='lat' dir='ltr'>editorem</span> <span class='ocrx_word' id='word_1_192' title='bbox 1151 1366 1210 1391; x_wconf 82' lang='lat' dir='ltr'>aut</span> <span class='ocrx_word' id='word_1_193' title='bbox 1232 1359 1474 1391; x_wconf 86' lang='lat' dir='ltr'>distributorem</span> 
     </span>
     <span class='ocr_line' id='line_1_22' title="bbox 127 1412 1468 1457; baseline -0.001 -10"><span class='ocrx_word' id='word_1_194' title='bbox 127 1415 269 1447; x_wconf 83' lang='lat' dir='ltr'>obsidem</span> <span class='ocrx_word' id='word_1_195' title='bbox 290 1415 363 1447; x_wconf 91' lang='lat' dir='ltr'>fore</span> <span class='ocrx_word' id='word_1_196' title='bbox 375 1414 454 1457; x_wconf 87' lang='lat' dir='ltr'>(art.</span> <span class='ocrx_word' id='word_1_197' title='bbox 470 1415 533 1447; x_wconf 80' lang='lat'>227</span> <span class='ocrx_word' id='word_1_198' title='bbox 543 1414 565 1455; x_wconf 92' lang='lat'>).</span> <span class='ocrx_word' id='word_1_199' title='bbox 584 1412 695 1444; x_wconf 83' lang='lat' dir='ltr'>Affinis</span> <span class='ocrx_word' id='word_1_200' title='bbox 710 1412 757 1444; x_wconf 88' lang='lat' dir='ltr'>illi</span> <span class='ocrx_word' id='word_1_201' title='bbox 774 1418 821 1444; x_wconf 88' lang='lat' dir='ltr'>est</span> <span class='ocrx_word' id='word_1_202' title='bbox 837 1414 1050 1445; x_wconf 64' lang='lat' dir='ltr'>con-scientiae</span> <span class='ocrx_word' id='word_1_203' title='bbox 1066 1426 1106 1445; x_wconf 84' lang='lat' dir='ltr'>ac</span> <span class='ocrx_word' id='word_1_204' title='bbox 1118 1414 1292 1457; x_wconf 77' lang='lat' dir='ltr'>religionis</span> <span class='ocrx_word' id='word_1_205' title='bbox 1310 1415 1468 1452; x_wconf 73' lang='lat' dir='ltr'>libertas,</span> 
     </span>
     <span class='ocr_line' id='line_1_23' title="bbox 127 1466 1471 1512; baseline 0 -12"><span class='ocrx_word' id='word_1_206' title='bbox 127 1469 276 1500; x_wconf 86' lang='lat' dir='ltr'>omnibus</span> <span class='ocrx_word' id='word_1_207' title='bbox 295 1469 330 1499; x_wconf 92' lang='lat' dir='ltr'>in</span> <span class='ocrx_word' id='word_1_208' title='bbox 349 1479 450 1512; x_wconf 84' lang='lat' dir='ltr'>regno</span> <span class='ocrx_word' id='word_1_209' title='bbox 470 1467 601 1511; x_wconf 84' lang='lat' dir='ltr'>Belgico</span> <span class='ocrx_word' id='word_1_210' title='bbox 616 1466 818 1500; x_wconf 87' lang='lat' dir='ltr'>versantibus</span> <span class='ocrx_word' id='word_1_211' title='bbox 834 1472 893 1498; x_wconf 87' lang='lat' dir='ltr'>art.</span> <span class='ocrx_word' id='word_1_212' title='bbox 912 1468 977 1500; x_wconf 88' lang='lat'>190</span> <span class='ocrx_word' id='word_1_213' title='bbox 992 1469 1029 1499; x_wconf 92' lang='lat' dir='ltr'>L.</span> <span class='ocrx_word' id='word_1_214' title='bbox 1047 1468 1082 1499; x_wconf 92' lang='lat' dir='ltr'>F.</span> <span class='ocrx_word' id='word_1_215' title='bbox 1102 1479 1259 1500; x_wconf 85' lang='lat' dir='ltr'>concessa.</span> <span class='ocrx_word' id='word_1_216' title='bbox 1286 1469 1362 1500; x_wconf 80' lang='lat' dir='ltr'>Haec</span> <span class='ocrx_word' id='word_1_217' title='bbox 1383 1470 1471 1500; x_wconf 83' lang='lat' dir='ltr'>enim</span> 
     </span>
     <span class='ocr_line' id='line_1_24' title="bbox 128 1521 1471 1567; baseline 0.001 -13"><span class='ocrx_word' id='word_1_218' title='bbox 128 1533 193 1554; x_wconf 81' lang='lat' dir='ltr'>non</span> <span class='ocrx_word' id='word_1_219' title='bbox 215 1522 249 1554; x_wconf 83' lang='lat' dir='ltr'>in</span> <span class='ocrx_word' id='word_1_220' title='bbox 274 1521 374 1553; x_wconf 71' lang='lat' dir='ltr'>libera</span> <span class='ocrx_word' id='word_1_221' title='bbox 401 1521 602 1555; x_wconf 80' lang='lat' dir='ltr'>convictione</span> <span class='ocrx_word' id='word_1_222' title='bbox 635 1521 714 1563; x_wconf 86' lang='lat' dir='ltr'>(cui</span> <span class='ocrx_word' id='word_1_223' title='bbox 736 1527 849 1566; x_wconf 82' lang='lat' dir='ltr'>utpote</span> <span class='ocrx_word' id='word_1_224' title='bbox 874 1523 1004 1554; x_wconf 89' lang='lat' dir='ltr'>omnino</span> <span class='ocrx_word' id='word_1_225' title='bbox 1029 1523 1188 1565; x_wconf 85' lang='lat' dir='ltr'>internae,</span> <span class='ocrx_word' id='word_1_226' title='bbox 1220 1536 1287 1555; x_wconf 87' lang='lat' dir='ltr'>non</span> <span class='ocrx_word' id='word_1_227' title='bbox 1310 1524 1410 1567; x_wconf 85' lang='lat' dir='ltr'>magis</span> <span class='ocrx_word' id='word_1_228' title='bbox 1435 1536 1471 1556; x_wconf 84' lang='lat' dir='ltr'>ac</span> 
     </span>
     <span class='ocr_line' id='line_1_25' title="bbox 130 1575 1471 1623; baseline 0.002 -16"><span class='ocrx_word' id='word_1_229' title='bbox 130 1575 263 1609; x_wconf 87' lang='lat' dir='ltr'>cuilibet</span> <span class='ocrx_word' id='word_1_230' title='bbox 290 1576 475 1619; x_wconf 75' lang='lat' dir='ltr'>cogitationi</span> <span class='ocrx_word' id='word_1_231' title='bbox 505 1576 549 1609; x_wconf 85' lang='lat' dir='ltr'>vis</span> <span class='ocrx_word' id='word_1_232' title='bbox 571 1575 641 1609; x_wconf 84' lang='lat' dir='ltr'>fieri</span> <span class='ocrx_word' id='word_1_233' title='bbox 662 1575 813 1620; x_wconf 68' lang='lat' dir='ltr'>potest),</span> <span class='ocrx_word' id='word_1_234' title='bbox 842 1587 958 1610; x_wconf 83' lang='lat' dir='ltr'>verum</span> <span class='ocrx_word' id='word_1_235' title='bbox 980 1578 1016 1609; x_wconf 87' lang='lat' dir='ltr'>in</span> <span class='ocrx_word' id='word_1_236' title='bbox 1043 1577 1143 1610; x_wconf 63' lang='lat' dir='ltr'>libera</span> <span class='ocrx_word' id='word_1_237' title='bbox 1167 1579 1364 1623; x_wconf 87' lang='lat' dir='ltr'>professione</span> <span class='ocrx_word' id='word_1_238' title='bbox 1391 1578 1471 1610; x_wconf 89' lang='lat' dir='ltr'>reli—</span> 
     </span>
     <span class='ocr_line' id='line_1_26' title="bbox 129 1629 1469 1676; baseline 0.003 -15"><span class='ocrx_word' id='word_1_239' title='bbox 129 1629 222 1673; x_wconf 85' lang='lat' dir='ltr'>giosae</span> <span class='ocrx_word' id='word_1_240' title='bbox 242 1629 403 1673; x_wconf 83' lang='lat' dir='ltr'>cujusque</span> <span class='ocrx_word' id='word_1_241' title='bbox 424 1629 634 1663; x_wconf 86' lang='lat' dir='ltr'>convictionis</span> <span class='ocrx_word' id='word_1_242' title='bbox 653 1636 686 1663; x_wconf 89' lang='lat' dir='ltr'>et</span> <span class='ocrx_word' id='word_1_243' title='bbox 708 1636 842 1662; x_wconf 79' lang='lat' dir='ltr'>externo</span> <span class='ocrx_word' id='word_1_244' title='bbox 862 1631 922 1663; x_wconf 88' lang='lat' dir='ltr'>Dei</span> <span class='ocrx_word' id='word_1_245' title='bbox 948 1632 1040 1664; x_wconf 89' lang='lat' dir='ltr'>cultu</span> <span class='ocrx_word' id='word_1_246' title='bbox 1061 1634 1170 1676; x_wconf 75' lang='lat' dir='ltr'>quiete</span> <span class='ocrx_word' id='word_1_247' title='bbox 1190 1633 1370 1665; x_wconf 82' lang='lat' dir='ltr'>exercendo</span> <span class='ocrx_word' id='word_1_248' title='bbox 1391 1645 1469 1665; x_wconf 90' lang='lat' dir='ltr'>con-</span> 
     </span>
     <span class='ocr_line' id='line_1_27' title="bbox 128 1684 1468 1731; baseline 0.004 -16"><span class='ocrx_word' id='word_1_249' title='bbox 128 1685 221 1724; x_wconf 81' lang='lat' dir='ltr'>sistit,</span> <span class='ocrx_word' id='word_1_250' title='bbox 257 1685 302 1717; x_wconf 82' lang='lat' dir='ltr'>ita</span> <span class='ocrx_word' id='word_1_251' title='bbox 322 1690 360 1716; x_wconf 91' lang='lat' dir='ltr'>ut</span> <span class='ocrx_word' id='word_1_252' title='bbox 380 1684 545 1717; x_wconf 86' lang='lat' dir='ltr'>diversitas</span> <span class='ocrx_word' id='word_1_253' title='bbox 565 1684 728 1728; x_wconf 76' lang='lat' dir='ltr'>religionis</span> <span class='ocrx_word' id='word_1_254' title='bbox 751 1692 808 1718; x_wconf 82' lang='lat' dir='ltr'>aut.</span> <span class='ocrx_word' id='word_1_255' title='bbox 830 1686 937 1718; x_wconf 77' lang='lat' dir='ltr'>cultus</span> <span class='ocrx_word' id='word_1_256' title='bbox 957 1686 1039 1718; x_wconf 89' lang='lat' dir='ltr'>nihil</span> <span class='ocrx_word' id='word_1_257' title='bbox 1061 1688 1093 1718; x_wconf 91' lang='lat' dir='ltr'>in</span> <span class='ocrx_word' id='word_1_258' title='bbox 1118 1686 1243 1731; x_wconf 88' lang='lat' dir='ltr'>juribus</span> <span class='ocrx_word' id='word_1_259' title='bbox 1265 1687 1468 1720; x_wconf 86' lang='lat' dir='ltr'>subditorum</span> 
     </span>
     <span class='ocr_line' id='line_1_28' title="bbox 130 1738 1468 1785; baseline 0.003 -15"><span class='ocrx_word' id='word_1_260' title='bbox 130 1738 275 1771; x_wconf 89' lang='lat' dir='ltr'>civilibus</span> <span class='ocrx_word' id='word_1_261' title='bbox 295 1745 352 1771; x_wconf 88' lang='lat' dir='ltr'>aut</span> <span class='ocrx_word' id='word_1_262' title='bbox 372 1739 509 1782; x_wconf 88' lang='lat' dir='ltr'>politicis</span> <span class='ocrx_word' id='word_1_263' title='bbox 531 1745 636 1771; x_wconf 91' lang='lat' dir='ltr'>mutet</span> <span class='ocrx_word' id='word_1_264' title='bbox 659 1739 738 1782; x_wconf 87' lang='lat' dir='ltr'>(art.</span> <span class='ocrx_word' id='word_1_265' title='bbox 763 1741 827 1774; x_wconf 82' lang='lat'>192</span> <span class='ocrx_word' id='word_1_266' title='bbox 847 1747 880 1773; x_wconf 87' lang='lat' dir='ltr'>et</span> <span class='ocrx_word' id='word_1_267' title='bbox 897 1741 960 1774; x_wconf 84' lang='lat'>193</span> <span class='ocrx_word' id='word_1_268' title='bbox 981 1742 1018 1775; x_wconf 91' lang='lat' dir='ltr'>L.</span> <span class='ocrx_word' id='word_1_269' title='bbox 1038 1741 1112 1785; x_wconf 70' lang='lat' dir='ltr'>F.).‚</span> <span class='ocrx_word' id='word_1_270' title='bbox 1134 1741 1213 1773; x_wconf 85' lang='lat' dir='ltr'>Jura</span> <span class='ocrx_word' id='word_1_271' title='bbox 1233 1742 1268 1773; x_wconf 89' lang='lat' dir='ltr'>in</span> <span class='ocrx_word' id='word_1_272' title='bbox 1287 1741 1468 1774; x_wconf 86' lang='lat' dir='ltr'>libertatem</span> 
     </span>
     <span class='ocr_line' id='line_1_29' title="bbox 130 1792 1467 1840; baseline 0.004 -17"><span class='ocrx_word' id='word_1_273' title='bbox 130 1793 328 1824; x_wconf 79' lang='lat' dir='ltr'>conscientiae</span> <span class='ocrx_word' id='word_1_274' title='bbox 358 1794 454 1825; x_wconf 84' lang='lat' dir='ltr'>etiam</span> <span class='ocrx_word' id='word_1_275' title='bbox 480 1792 531 1837; x_wconf 84' lang='lat' dir='ltr'>jus</span> <span class='ocrx_word' id='word_1_276' title='bbox 551 1793 586 1824; x_wconf 93' lang='lat' dir='ltr'>in</span> <span class='ocrx_word' id='word_1_277' title='bbox 612 1793 715 1839; x_wconf 83' lang='lat' dir='ltr'>hujus</span> <span class='ocrx_word' id='word_1_278' title='bbox 737 1794 895 1836; x_wconf 85' lang='lat' dir='ltr'>tutelam,</span> <span class='ocrx_word' id='word_1_279' title='bbox 925 1796 960 1827; x_wconf 88' lang='lat' dir='ltr'>in</span> <span class='ocrx_word' id='word_1_280' title='bbox 984 1794 1077 1840; x_wconf 89' lang='lat' dir='ltr'>cujus</span> <span class='ocrx_word' id='word_1_281' title='bbox 1100 1795 1181 1840; x_wconf 86' lang='lat' dir='ltr'>juris</span> <span class='ocrx_word' id='word_1_282' title='bbox 1206 1797 1467 1839; x_wconf 83' lang='lat' dir='ltr'>consequentiam</span> 
     </span>
     <span class='ocr_line' id='line_1_30' title="bbox 128 1845 1468 1892; baseline 0.004 -14"><span class='ocrx_word' id='word_1_283' title='bbox 128 1845 273 1879; x_wconf 82' lang='lat' dir='ltr'>subditus</span> <span class='ocrx_word' id='word_1_284' title='bbox 299 1847 434 1891; x_wconf 89' lang='lat' dir='ltr'>quisque</span> <span class='ocrx_word' id='word_1_285' title='bbox 455 1847 624 1892; x_wconf 73' lang='lat' dir='ltr'>juridicam</span> <span class='ocrx_word' id='word_1_286' title='bbox 651 1849 856 1882; x_wconf 85' lang='lat' dir='ltr'>securitatem</span> <span class='ocrx_word' id='word_1_287' title='bbox 881 1849 1033 1882; x_wconf 83' lang='lat' dir='ltr'>adversus</span> <span class='ocrx_word' id='word_1_288' title='bbox 1058 1861 1186 1882; x_wconf 85' lang='lat' dir='ltr'>omnem</span> <span class='ocrx_word' id='word_1_289' title='bbox 1212 1850 1299 1884; x_wconf 81' lang='lat' dir='ltr'>iuius</span> <span class='ocrx_word' id='word_1_290' title='bbox 1320 1851 1468 1884; x_wconf 73' lang='lat' dir='ltr'>violatio-</span> 
     </span>
     <span class='ocr_line' id='line_1_31' title="bbox 127 1900 1049 1948; baseline 0.005 -17"><span class='ocrx_word' id='word_1_291' title='bbox 127 1910 203 1932; x_wconf 85' lang='lat' dir='ltr'>nem</span> <span class='ocrx_word' id='word_1_292' title='bbox 223 1900 384 1935; x_wconf 81' lang='lat' dir='ltr'>vindicare</span> <span class='ocrx_word' id='word_1_293' title='bbox 407 1901 470 1934; x_wconf 87' lang='lat' dir='ltr'>sibi</span> <span class='ocrx_word' id='word_1_294' title='bbox 486 1908 591 1946; x_wconf 84' lang='lat' dir='ltr'>potest</span> <span class='ocrx_word' id='word_1_295' title='bbox 613 1903 691 1946; x_wconf 81' lang='lat' dir='ltr'>(art.</span> <span class='ocrx_word' id='word_1_296' title='bbox 717 1903 825 1948; x_wconf 69' lang='lat'>191),</span> <span class='ocrx_word' id='word_1_297' title='bbox 850 1905 1049 1938; x_wconf 61' lang='lat' dir='ltr'>continetur.&gt;</span> 
     </span>
    </p>
   </div>
   <div class='ocr_carea' id='block_1_4' title="bbox 125 1986 1470 2090">
    <p class='ocr_par' dir='ltr' id='par_1_4' title="bbox 125 1986 1470 2090">
     <span class='ocr_line' id='line_1_32' title="bbox 171 1986 1470 2038; baseline 0.006 -21"><span class='ocrx_word' id='word_1_298' title='bbox 171 1986 246 2018; x_wconf 90' lang='lat' dir='ltr'>XV.</span> <span class='ocrx_word' id='word_1_299' title='bbox 282 1988 451 2020; x_wconf 79' lang='lat' dir='ltr'>Postremo</span> <span class='ocrx_word' id='word_1_300' title='bbox 470 1989 557 2022; x_wconf 76' lang='lat' dir='ltr'>inter</span> <span class='ocrx_word' id='word_1_301' title='bbox 581 1989 654 2035; x_wconf 79' lang='lat' dir='ltr'>j&#39;ura</span> <span class='ocrx_word' id='word_1_302' title='bbox 682 1997 914 2023; x_wconf 71' lang='lat' dir='ltr'>extraneorum</span> <span class='ocrx_word' id='word_1_303' title='bbox 933 1990 1065 2035; x_wconf 79' lang='lat' dir='ltr'>publica</span> <span class='ocrx_word' id='word_1_304' title='bbox 1091 1992 1333 2025; x_wconf 71' lang='lat' dir='ltr'>numerandum</span> <span class='ocrx_word' id='word_1_305' title='bbox 1354 1992 1405 2038; x_wconf 67' lang='lat' dir='ltr'>jus</span> <span class='ocrx_word' id='word_1_306' title='bbox 1432 1993 1470 2025; x_wconf 66' lang='lat' dir='ltr'>ist</span> 
     </span>
     <span class='ocr_line' id='line_1_33' title="bbox 125 2040 1466 2090; baseline 0.004 -17"><span class='ocrx_word' id='word_1_307' title='bbox 125 2040 314 2073; x_wconf 65' lang='lat' dir='ltr'>libertatem</span> <span class='ocrx_word' id='word_1_308' title='bbox 338 2044 594 2087; x_wconf 58' lang='lat' dir='ltr'>emigrationis,</span> <span class='ocrx_word' id='word_1_309' title='bbox 617 2044 713 2090; x_wconf 54' lang='lat' dir='ltr'>cuius</span> <span class='ocrx_word' id='word_1_310' title='bbox 729 2046 766 2078; x_wconf 86' lang='lat' dir='ltr'>in</span> <span class='ocrx_word' id='word_1_311' title='bbox 785 2046 1009 2080; x_wconf 64' lang='lat' dir='ltr'>constituenda</span> <span class='ocrx_word' id='word_1_312' title='bbox 1029 2047 1163 2081; x_wconf 70' lang='lat' dir='ltr'>civitate</span> <span class='ocrx_word' id='word_1_313' title='bbox 1184 2047 1318 2081; x_wconf 68' lang='lat' dir='ltr'>subditis</span> <span class='ocrx_word' id='word_1_314' title='bbox 1348 2058 1466 2080; x_wconf 78' lang='lat' dir='ltr'>conce-</span> 
     </span>
    </p>
   </div>
  </div>
 </body>
</html>
