<?xml version="1.0" encoding="UTF-8"?>
<!DOCTYPE html PUBLIC "-//W3C//DTD XHTML 1.0 Transitional//EN"
    "http://www.w3.org/TR/xhtml1/DTD/xhtml1-transitional.dtd">
<html xmlns="http://www.w3.org/1999/xhtml" xml:lang="en" lang="en">
 <head>
  <title>
</title>
<meta http-equiv="Content-Type" content="text/html;charset=utf-8" />
  <meta name='ocr-system' content='tesseract 3.04.00' />
  <meta name='ocr-capabilities' content='ocr_page ocr_carea ocr_par ocr_line ocrx_word'/>
</head>
<body>
  <div class='ocr_page' id='page_1' title='image "annalesacademiae00acad_0325.png"; bbox 0 0 1747 2620; ppageno 0'>
   <div class='ocr_carea' id='block_1_1' title="bbox 724 237 860 281">
    <p class='ocr_par' dir='ltr' id='par_1_1' title="bbox 724 237 860 281">
     <span class='ocr_line' id='line_1_1' title="bbox 724 237 860 281; baseline 0.037 -14"><span class='ocrx_word' id='word_1_1' title='bbox 724 237 860 281; x_wconf 85' lang='lat'>(137)</span> 
     </span>
    </p>
   </div>
   <div class='ocr_carea' id='block_1_2' title="bbox 123 310 1464 419">
    <p class='ocr_par' dir='ltr' id='par_1_2' title="bbox 123 310 1464 419">
     <span class='ocr_line' id='line_1_2' title="bbox 124 310 1464 361; baseline 0.007 -18"><span class='ocrx_word' id='word_1_2' title='bbox 124 310 256 355; x_wconf 89' lang='lat' dir='ltr'>quidem</span> <span class='ocrx_word' id='word_1_3' title='bbox 280 311 513 355; x_wconf 77' lang='lat' dir='ltr'>periclitatione</span> <span class='ocrx_word' id='word_1_4' title='bbox 539 311 601 344; x_wconf 81' lang='lat' dir='ltr'>vita</span> <span class='ocrx_word' id='word_1_5' title='bbox 628 321 685 354; x_wconf 91' lang='lat' dir='ltr'>per</span> <span class='ocrx_word' id='word_1_6' title='bbox 713 317 760 342; x_wconf 86' lang='lat' dir='ltr'>sat</span> <span class='ocrx_word' id='word_1_7' title='bbox 785 311 918 355; x_wconf 86' lang='lat' dir='ltr'>longum</span> <span class='ocrx_word' id='word_1_8' title='bbox 950 315 1101 357; x_wconf 82' lang='lat' dir='ltr'>temporis</span> <span class='ocrx_word' id='word_1_9' title='bbox 1125 317 1263 358; x_wconf 83' lang='lat' dir='ltr'>spatium</span> <span class='ocrx_word' id='word_1_10' title='bbox 1293 320 1464 361; x_wconf 84' lang='lat' dir='ltr'><strong>perdurat,</strong></span> 
     </span>
     <span class='ocr_line' id='line_1_3' title="bbox 123 365 1463 419; baseline 0.007 -22"><span class='ocrx_word' id='word_1_11' title='bbox 123 366 179 398; x_wconf 90' lang='lat' dir='ltr'>sed</span> <span class='ocrx_word' id='word_1_12' title='bbox 199 366 410 398; x_wconf 91' lang='lat' dir='ltr'>nihilominus</span> <span class='ocrx_word' id='word_1_13' title='bbox 432 378 516 398; x_wconf 86' lang='lat' dir='ltr'>mors</span> <span class='ocrx_word' id='word_1_14' title='bbox 536 366 613 397; x_wconf 88' lang='lat' dir='ltr'>huic</span> <span class='ocrx_word' id='word_1_15' title='bbox 634 365 752 397; x_wconf 87' lang='lat' dir='ltr'>laesioni</span> <span class='ocrx_word' id='word_1_16' title='bbox 774 366 946 398; x_wconf 83' lang='lat' dir='ltr'><strong>succedere</strong></span> <span class='ocrx_word' id='word_1_17' title='bbox 965 370 1142 400; x_wconf 76' lang='lat' dir='ltr'>necessario</span> <span class='ocrx_word' id='word_1_18' title='bbox 1161 370 1272 402; x_wconf 85' lang='lat' dir='ltr'>debet:</span> <span class='ocrx_word' id='word_1_19' title='bbox 1295 374 1348 404; x_wconf 88' lang='lat' dir='ltr'>sed</span> <span class='ocrx_word' id='word_1_20' title='bbox 1369 375 1463 419; x_wconf 82' lang='lat' dir='ltr'>longe</span> 
     </span>
    </p>
   </div>
   <div class='ocr_carea' id='block_1_3' title="bbox 92 420 1463 1929">
    <p class='ocr_par' dir='ltr' id='par_1_3' title="bbox 117 420 1463 788">
     <span class='ocr_line' id='line_1_4' title="bbox 123 420 1463 465; baseline 0.007 -13"><span class='ocrx_word' id='word_1_21' title='bbox 123 420 183 452; x_wconf 88' lang='lat' dir='ltr'>alia</span> <span class='ocrx_word' id='word_1_22' title='bbox 211 432 261 452; x_wconf 88' lang='lat' dir='ltr'>res</span> <span class='ocrx_word' id='word_1_23' title='bbox 287 426 334 452; x_wconf 89' lang='lat' dir='ltr'>est</span> <span class='ocrx_word' id='word_1_24' title='bbox 357 422 382 451; x_wconf 91' lang='lat' dir='ltr'>si</span> <span class='ocrx_word' id='word_1_25' title='bbox 407 420 503 452; x_wconf 84' lang='lat' dir='ltr'>simul</span> <span class='ocrx_word' id='word_1_26' title='bbox 532 426 565 451; x_wconf 89' lang='lat' dir='ltr'>et</span> <span class='ocrx_word' id='word_1_27' title='bbox 594 421 685 453; x_wconf 83' lang='lat' dir='ltr'>nervi</span> <span class='ocrx_word' id='word_1_28' title='bbox 711 421 928 452; x_wconf 88' lang='lat' dir='ltr'>intercostales</span> <span class='ocrx_word' id='word_1_29' title='bbox 954 428 987 453; x_wconf 86' lang='lat' dir='ltr'>ct</span> <span class='ocrx_word' id='word_1_30' title='bbox 1010 423 1157 465; x_wconf 88' lang='lat' dir='ltr'>phrenici</span> <span class='ocrx_word' id='word_1_31' title='bbox 1186 425 1399 460; x_wconf 84' lang='lat' dir='ltr'>destruuntur</span> <span class='ocrx_word' id='word_1_32' title='bbox 1424 442 1463 462; x_wconf 71' lang='lat' dir='ltr'>ex</span> 
     </span>
     <span class='ocr_line' id='line_1_5' title="bbox 122 474 1462 525; baseline 0.007 -19"><span class='ocrx_word' id='word_1_33' title='bbox 122 481 262 518; x_wconf 89' lang='lat' dir='ltr'>utroque</span> <span class='ocrx_word' id='word_1_34' title='bbox 286 475 401 515; x_wconf 88' lang='lat' dir='ltr'>latere,</span> <span class='ocrx_word' id='word_1_35' title='bbox 431 474 482 506; x_wconf 87' lang='lat' dir='ltr'>vel</span> <span class='ocrx_word' id='word_1_36' title='bbox 507 475 532 505; x_wconf 88' lang='lat' dir='ltr'>si</span> <span class='ocrx_word' id='word_1_37' title='bbox 561 474 677 506; x_wconf 86' lang='lat' dir='ltr'>horum</span> <span class='ocrx_word' id='word_1_38' title='bbox 702 486 776 506; x_wconf 88' lang='lat' dir='ltr'>cum</span> <span class='ocrx_word' id='word_1_39' title='bbox 806 475 936 506; x_wconf 88' lang='lat' dir='ltr'>cerebro</span> <span class='ocrx_word' id='word_1_40' title='bbox 961 478 1210 509; x_wconf 85' lang='lat' dir='ltr'>communicatio</span> <span class='ocrx_word' id='word_1_41' title='bbox 1240 481 1462 525; x_wconf 74' lang='lat' dir='ltr'>intercipitur,</span> 
     </span>
     <span class='ocr_line' id='line_1_6' title="bbox 120 527 1462 575; baseline 0.007 -16"><span class='ocrx_word' id='word_1_42' title='bbox 120 535 199 560; x_wconf 86' lang='lat' dir='ltr'>tunc</span> <span class='ocrx_word' id='word_1_43' title='bbox 215 530 302 560; x_wconf 89' lang='lat' dir='ltr'>enim</span> <span class='ocrx_word' id='word_1_44' title='bbox 319 529 367 571; x_wconf 85' lang='lat'>(1)</span> <span class='ocrx_word' id='word_1_45' title='bbox 382 527 548 560; x_wconf 66' lang='lat' dir='ltr'>subitanea</span> <span class='ocrx_word' id='word_1_46' title='bbox 565 535 667 560; x_wconf 86' lang='lat' dir='ltr'>morte</span> <span class='ocrx_word' id='word_1_47' title='bbox 686 535 718 561; x_wconf 87' lang='lat' dir='ltr'>et</span> <span class='ocrx_word' id='word_1_48' title='bbox 733 530 821 572; x_wconf 88' lang='lat' dir='ltr'>quasi</span> <span class='ocrx_word' id='word_1_49' title='bbox 839 529 977 562; x_wconf 84' lang='lat' dir='ltr'>fulmine</span> <span class='ocrx_word' id='word_1_50' title='bbox 997 531 1143 574; x_wconf 89' lang='lat' dir='ltr'>perculsa</span> <span class='ocrx_word' id='word_1_51' title='bbox 1159 541 1299 575; x_wconf 90' lang='lat' dir='ltr'>pereunt</span> <span class='ocrx_word' id='word_1_52' title='bbox 1313 537 1462 569; x_wconf 89' lang='lat' dir='ltr'>animalia</span> 
     </span>
     <span class='ocr_line' id='line_1_7' title="bbox 118 582 1460 632; baseline 0.007 -18"><span class='ocrx_word' id='word_1_53' title='bbox 118 585 153 614; x_wconf 87' lang='lat' dir='ltr'>in</span> <span class='ocrx_word' id='word_1_54' title='bbox 173 583 291 626; x_wconf 89' lang='lat' dir='ltr'>quibus</span> <span class='ocrx_word' id='word_1_55' title='bbox 315 582 378 614; x_wconf 86' lang='lat' dir='ltr'>tale</span> <span class='ocrx_word' id='word_1_56' title='bbox 399 582 477 626; x_wconf 86' lang='lat' dir='ltr'>quid</span> <span class='ocrx_word' id='word_1_57' title='bbox 496 589 718 625; x_wconf 87' lang='lat' dir='ltr'>perpetratur:</span> <span class='ocrx_word' id='word_1_58' title='bbox 741 589 774 614; x_wconf 89' lang='lat' dir='ltr'>et</span> <span class='ocrx_word' id='word_1_59' title='bbox 796 583 878 615; x_wconf 90' lang='lat' dir='ltr'>nihil</span> <span class='ocrx_word' id='word_1_60' title='bbox 898 595 1008 616; x_wconf 88' lang='lat' dir='ltr'>revera</span> <span class='ocrx_word' id='word_1_61' title='bbox 1030 586 1064 616; x_wconf 92' lang='lat' dir='ltr'>in</span> <span class='ocrx_word' id='word_1_62' title='bbox 1085 597 1122 617; x_wconf 90' lang='lat' dir='ltr'>eo</span> <span class='ocrx_word' id='word_1_63' title='bbox 1143 594 1189 617; x_wconf 85' lang='lat' dir='ltr'>cst</span> <span class='ocrx_word' id='word_1_64' title='bbox 1208 599 1267 619; x_wconf 91' lang='lat' dir='ltr'>cur</span> <span class='ocrx_word' id='word_1_65' title='bbox 1287 590 1460 632; x_wconf 89' lang='lat' dir='ltr'>miremur,</span> 
     </span>
     <span class='ocr_line' id='line_1_8' title="bbox 118 636 1460 680; baseline 0.007 -13"><span class='ocrx_word' id='word_1_66' title='bbox 118 638 143 668; x_wconf 88' lang='lat' dir='ltr'>si</span> <span class='ocrx_word' id='word_1_67' title='bbox 163 636 245 668; x_wconf 91' lang='lat' dir='ltr'>illud</span> <span class='ocrx_word' id='word_1_68' title='bbox 262 637 348 668; x_wconf 86' lang='lat' dir='ltr'>enim</span> <span class='ocrx_word' id='word_1_69' title='bbox 370 636 477 668; x_wconf 88' lang='lat' dir='ltr'>locum</span> <span class='ocrx_word' id='word_1_70' title='bbox 494 636 606 676; x_wconf 88' lang='lat' dir='ltr'>habet,</span> <span class='ocrx_word' id='word_1_71' title='bbox 628 636 834 679; x_wconf 78' lang='lat' dir='ltr'>diaphragma</span> <span class='ocrx_word' id='word_1_72' title='bbox 857 639 1002 680; x_wconf 87' lang='lat' dir='ltr'>protinus</span> <span class='ocrx_word' id='word_1_73' title='bbox 1024 645 1056 670; x_wconf 91' lang='lat' dir='ltr'>et</span> <span class='ocrx_word' id='word_1_74' title='bbox 1074 652 1184 672; x_wconf 83' lang='lat' dir='ltr'>omnes</span> <span class='ocrx_word' id='word_1_75' title='bbox 1202 643 1340 675; x_wconf 90' lang='lat' dir='ltr'>musculi</span> <span class='ocrx_word' id='word_1_76' title='bbox 1357 645 1460 677; x_wconf 89' lang='lat' dir='ltr'>inter-</span> 
     </span>
     <span class='ocr_line' id='line_1_9' title="bbox 119 690 1459 741; baseline 0.007 -19"><span class='ocrx_word' id='word_1_77' title='bbox 119 691 250 722; x_wconf 81' lang='lat' dir='ltr'>costales</span> <span class='ocrx_word' id='word_1_78' title='bbox 271 692 427 723; x_wconf 84' lang='lat' dir='ltr'>actionem</span> <span class='ocrx_word' id='word_1_79' title='bbox 451 702 541 723; x_wconf 88' lang='lat' dir='ltr'>suam</span> <span class='ocrx_word' id='word_1_80' title='bbox 561 690 777 733; x_wconf 86' lang='lat' dir='ltr'>suspendunt,</span> <span class='ocrx_word' id='word_1_81' title='bbox 802 691 908 723; x_wconf 92' lang='lat' dir='ltr'>subito</span> <span class='ocrx_word' id='word_1_82' title='bbox 932 693 1098 735; x_wconf 78' lang='lat' dir='ltr'>respiratio</span> <span class='ocrx_word' id='word_1_83' title='bbox 1118 701 1218 726; x_wconf 86' lang='lat' dir='ltr'>cessat</span> <span class='ocrx_word' id='word_1_84' title='bbox 1237 703 1270 728; x_wconf 92' lang='lat' dir='ltr'>et</span> <span class='ocrx_word' id='word_1_85' title='bbox 1291 700 1459 741; x_wconf 90' lang='lat' dir='ltr'>repentina</span> 
     </span>
     <span class='ocr_line' id='line_1_10' title="bbox 117 745 485 788; baseline -0.003 -11"><span class='ocrx_word' id='word_1_86' title='bbox 117 756 190 777; x_wconf 81' lang='lat' dir='ltr'>mox</span> <span class='ocrx_word' id='word_1_87' title='bbox 213 745 301 777; x_wconf 90' lang='lat' dir='ltr'>adest</span> <span class='ocrx_word' id='word_1_88' title='bbox 321 745 485 788; x_wconf 78' lang='lat' dir='ltr'>asphyxia.</span> 
     </span>
    </p>

    <p class='ocr_par' dir='ltr' id='par_1_4' title="bbox 92 799 1458 1929">
     <span class='ocr_line' id='line_1_11' title="bbox 159 799 1458 850; baseline 0.006 -19"><span class='ocrx_word' id='word_1_89' title='bbox 159 799 292 831; x_wconf 84' lang='lat' dir='ltr'>Accedit</span> <span class='ocrx_word' id='word_1_90' title='bbox 305 810 395 830; x_wconf 89' lang='lat' dir='ltr'>nunc</span> <span class='ocrx_word' id='word_1_91' title='bbox 415 810 534 830; x_wconf 90' lang='lat' dir='ltr'>nervus</span> <span class='ocrx_word' id='word_1_92' title='bbox 550 799 883 841; x_wconf 83' lang='lat' dir='ltr'>pneumo-gastricus:</span> <span class='ocrx_word' id='word_1_93' title='bbox 905 805 943 831; x_wconf 87' lang='lat' dir='ltr'>ut</span> <span class='ocrx_word' id='word_1_94' title='bbox 958 806 1045 831; x_wconf 87' lang='lat' dir='ltr'>recte</span> <span class='ocrx_word' id='word_1_95' title='bbox 1066 813 1229 844; x_wconf 86' lang='lat' dir='ltr'>possemus</span> <span class='ocrx_word' id='word_1_96' title='bbox 1244 804 1368 845; x_wconf 80' lang='lat' dir='ltr'>turbas,</span> <span class='ocrx_word' id='word_1_97' title='bbox 1386 818 1458 850; x_wconf 87' lang='lat' dir='ltr'>quae</span> 
     </span>
     <span class='ocr_line' id='line_1_12' title="bbox 113 852 1457 897; baseline 0.007 -12"><span class='ocrx_word' id='word_1_98' title='bbox 113 852 258 897; x_wconf 88' lang='lat' dir='ltr'>ejusdem</span> <span class='ocrx_word' id='word_1_99' title='bbox 280 853 435 884; x_wconf 82' lang='lat' dir='ltr'>sectiones</span> <span class='ocrx_word' id='word_1_100' title='bbox 455 858 652 895; x_wconf 89' lang='lat' dir='ltr'>sequuntur,</span> <span class='ocrx_word' id='word_1_101' title='bbox 675 853 873 896; x_wconf 81' lang='lat' dir='ltr'>intelligere,</span> <span class='ocrx_word' id='word_1_102' title='bbox 899 861 1024 896; x_wconf 84' lang='lat' dir='ltr'>oportet</span> <span class='ocrx_word' id='word_1_103' title='bbox 1044 857 1174 888; x_wconf 88' lang='lat' dir='ltr'>omnino</span> <span class='ocrx_word' id='word_1_104' title='bbox 1197 870 1254 889; x_wconf 89' lang='lat' dir='ltr'>nos</span> <span class='ocrx_word' id='word_1_105' title='bbox 1273 861 1457 895; x_wconf 85' lang='lat' dir='ltr'>meminisse</span> 
     </span>
     <span class='ocr_line' id='line_1_13' title="bbox 112 907 1454 953; baseline 0.006 -14"><span class='ocrx_word' id='word_1_106' title='bbox 112 907 212 952; x_wconf 90' lang='lat' dir='ltr'>hujus</span> <span class='ocrx_word' id='word_1_107' title='bbox 233 907 445 950; x_wconf 84' lang='lat' dir='ltr'>dispositionis</span> <span class='ocrx_word' id='word_1_108' title='bbox 464 913 496 938; x_wconf 88' lang='lat' dir='ltr'>et</span> <span class='ocrx_word' id='word_1_109' title='bbox 513 907 675 939; x_wconf 86' lang='lat' dir='ltr'>variarum</span> <span class='ocrx_word' id='word_1_110' title='bbox 697 919 775 950; x_wconf 86' lang='lat' dir='ltr'>quas</span> <span class='ocrx_word' id='word_1_111' title='bbox 795 908 936 939; x_wconf 81' lang='lat' dir='ltr'>demittit</span> <span class='ocrx_word' id='word_1_112' title='bbox 957 911 1182 953; x_wconf 79' lang='lat' dir='ltr'>propaginum.</span> <span class='ocrx_word' id='word_1_113' title='bbox 1208 913 1377 946; x_wconf 84' lang='lat' dir='ltr'>Anatomia</span> <span class='ocrx_word' id='word_1_114' title='bbox 1398 927 1454 948; x_wconf 88' lang='lat' dir='ltr'>nos</span> 
     </span>
     <span class='ocr_line' id='line_1_14' title="bbox 111 961 1453 1013; baseline 0.007 -21"><span class='ocrx_word' id='word_1_115' title='bbox 111 961 204 992; x_wconf 88' lang='lat' dir='ltr'>docet</span> <span class='ocrx_word' id='word_1_116' title='bbox 227 972 365 993; x_wconf 90' lang='lat' dir='ltr'>nervum</span> <span class='ocrx_word' id='word_1_117' title='bbox 388 961 477 992; x_wconf 88' lang='lat' dir='ltr'>hunc</span> <span class='ocrx_word' id='word_1_118' title='bbox 496 973 560 993; x_wconf 90' lang='lat' dir='ltr'>non</span> <span class='ocrx_word' id='word_1_119' title='bbox 586 962 808 994; x_wconf 87' lang='lat' dir='ltr'>tantummodo</span> <span class='ocrx_word' id='word_1_120' title='bbox 830 974 932 993; x_wconf 83' lang='lat' dir='ltr'>ramos</span> <span class='ocrx_word' id='word_1_121' title='bbox 951 965 991 995; x_wconf 87' lang='lat' dir='ltr'>ad</span> <span class='ocrx_word' id='word_1_122' title='bbox 1016 964 1199 1008; x_wconf 77' lang='lat' dir='ltr'>laryngem,</span> <span class='ocrx_word' id='word_1_123' title='bbox 1226 969 1453 1013; x_wconf 87' lang='lat' dir='ltr'>oesophagum,</span> 
     </span>
     <span class='ocr_line' id='line_1_15' title="bbox 109 1014 1452 1059; baseline 0.007 -12"><span class='ocrx_word' id='word_1_124' title='bbox 109 1014 396 1058; x_wconf 84' lang='lat' dir='ltr'>ventriculumque</span> <span class='ocrx_word' id='word_1_125' title='bbox 410 1014 581 1059; x_wconf 79' lang='lat' dir='ltr'>projicere,</span> <span class='ocrx_word' id='word_1_126' title='bbox 598 1016 653 1047; x_wconf 90' lang='lat' dir='ltr'>sed</span> <span class='ocrx_word' id='word_1_127' title='bbox 667 1016 763 1046; x_wconf 89' lang='lat' dir='ltr'>etiam</span> <span class='ocrx_word' id='word_1_128' title='bbox 781 1027 911 1059; x_wconf 86' lang='lat' dir='ltr'>magnos</span> <span class='ocrx_word' id='word_1_129' title='bbox 927 1022 959 1048; x_wconf 84' lang='lat' dir='ltr'>et</span> <span class='ocrx_word' id='word_1_130' title='bbox 975 1018 1092 1049; x_wconf 83' lang='lat' dir='ltr'>multos</span> <span class='ocrx_word' id='word_1_131' title='bbox 1104 1019 1268 1052; x_wconf 87' lang='lat' dir='ltr'>funiculos</span> <span class='ocrx_word' id='word_1_132' title='bbox 1283 1022 1452 1056; x_wconf 81' lang='lat' dir='ltr'>demittere</span> 
     </span>
     <span class='ocr_line' id='line_1_16' title="bbox 107 1068 1453 1122; baseline 0.007 -23"><span class='ocrx_word' id='word_1_133' title='bbox 107 1068 148 1099; x_wconf 92' lang='lat' dir='ltr'>ad</span> <span class='ocrx_word' id='word_1_134' title='bbox 169 1068 275 1111; x_wconf 91' lang='lat' dir='ltr'>ipsum</span> <span class='ocrx_word' id='word_1_135' title='bbox 297 1080 352 1100; x_wconf 90' lang='lat' dir='ltr'>cor</span> <span class='ocrx_word' id='word_1_136' title='bbox 376 1075 409 1100; x_wconf 88' lang='lat' dir='ltr'>et</span> <span class='ocrx_word' id='word_1_137' title='bbox 429 1070 605 1112; x_wconf 67' lang='lat' dir='ltr'>praesertim</span> <span class='ocrx_word' id='word_1_138' title='bbox 624 1069 663 1100; x_wconf 92' lang='lat' dir='ltr'>ad</span> <span class='ocrx_word' id='word_1_139' title='bbox 684 1069 869 1112; x_wconf 85' lang='lat' dir='ltr'>pulmones;</span> <span class='ocrx_word' id='word_1_140' title='bbox 896 1081 935 1101; x_wconf 83' lang='lat' dir='ltr'>ex</span> <span class='ocrx_word' id='word_1_141' title='bbox 959 1071 1020 1102; x_wconf 87' lang='lat' dir='ltr'>hac</span> <span class='ocrx_word' id='word_1_142' title='bbox 1046 1078 1110 1103; x_wconf 90' lang='lat' dir='ltr'>tam</span> <span class='ocrx_word' id='word_1_143' title='bbox 1138 1074 1310 1118; x_wconf 84' lang='lat' dir='ltr'>multiplici</span> <span class='ocrx_word' id='word_1_144' title='bbox 1333 1089 1453 1122; x_wconf 88' lang='lat' dir='ltr'>propa-</span> 
     </span>
     <span class='ocr_line' id='line_1_17' title="bbox 106 1123 1450 1174; baseline 0.007 -20"><span class='ocrx_word' id='word_1_145' title='bbox 106 1123 221 1166; x_wconf 84' lang='lat' dir='ltr'>ginum</span> <span class='ocrx_word' id='word_1_146' title='bbox 241 1124 322 1155; x_wconf 89' lang='lat' dir='ltr'>serie</span> <span class='ocrx_word' id='word_1_147' title='bbox 342 1129 431 1166; x_wconf 87' lang='lat' dir='ltr'>patet</span> <span class='ocrx_word' id='word_1_148' title='bbox 451 1129 570 1166; x_wconf 90' lang='lat' dir='ltr'>quanta</span> <span class='ocrx_word' id='word_1_149' title='bbox 593 1123 753 1154; x_wconf 88' lang='lat' dir='ltr'>lethalitas</span> <span class='ocrx_word' id='word_1_150' title='bbox 774 1125 942 1165; x_wconf 88' lang='lat' dir='ltr'>proveniat</span> <span class='ocrx_word' id='word_1_151' title='bbox 961 1136 1000 1156; x_wconf 83' lang='lat' dir='ltr'>ex</span> <span class='ocrx_word' id='word_1_152' title='bbox 1021 1125 1157 1169; x_wconf 87' lang='lat' dir='ltr'>hujusce</span> <span class='ocrx_word' id='word_1_153' title='bbox 1179 1128 1324 1161; x_wconf 80' lang='lat' dir='ltr'>laesione:</span> <span class='ocrx_word' id='word_1_154' title='bbox 1349 1143 1450 1174; x_wconf 86' lang='lat' dir='ltr'>gene-</span> 
     </span>
     <span class='ocr_line' id='line_1_18' title="bbox 105 1167 1449 1229; baseline 0.007 -21"><span class='ocrx_word' id='word_1_155' title='bbox 105 1176 180 1208; x_wconf 90' lang='lat' dir='ltr'>ralis</span> <span class='ocrx_word' id='word_1_156' title='bbox 210 1167 297 1208; x_wconf 80' lang='lat' dir='ltr'>enim</span> <span class='ocrx_word' id='word_1_157' title='bbox 327 1176 474 1220; x_wconf 87' lang='lat' dir='ltr'>quaedam</span> <span class='ocrx_word' id='word_1_158' title='bbox 503 1177 611 1208; x_wconf 79' lang='lat' dir='ltr'>existit</span> <span class='ocrx_word' id='word_1_159' title='bbox 633 1176 745 1218; x_wconf 83' lang='lat' dir='ltr'>regula</span> <span class='ocrx_word' id='word_1_160' title='bbox 776 1187 848 1220; x_wconf 86' lang='lat' dir='ltr'>quae</span> <span class='ocrx_word' id='word_1_161' title='bbox 875 1177 1031 1218; x_wconf 82' lang='lat' dir='ltr'>declarat,</span> <span class='ocrx_word' id='word_1_162' title='bbox 1060 1186 1165 1222; x_wconf 89' lang='lat' dir='ltr'>&#39;quum</span> <span class='ocrx_word' id='word_1_163' title='bbox 1190 1194 1309 1215; x_wconf 90' lang='lat' dir='ltr'>nervus</span> <span class='ocrx_word' id='word_1_164' title='bbox 1335 1185 1449 1229; x_wconf 86' lang='lat' dir='ltr'>aliquis</span> 
     </span>
     <span class='ocr_line' id='line_1_19' title="bbox 105 1229 1448 1283; baseline 0.007 -21"><span class='ocrx_word' id='word_1_165' title='bbox 105 1230 303 1263; x_wconf 86' lang='lat' dir='ltr'>abscinditur</span> <span class='ocrx_word' id='word_1_166' title='bbox 324 1231 377 1264; x_wconf 84' lang='lat' dir='ltr'>vel</span> <span class='ocrx_word' id='word_1_167' title='bbox 406 1229 599 1269; x_wconf 80' lang='lat' dir='ltr'>destruitur,</span> <span class='ocrx_word' id='word_1_168' title='bbox 632 1240 743 1260; x_wconf 89' lang='lat' dir='ltr'>omnes</span> <span class='ocrx_word' id='word_1_169' title='bbox 772 1236 878 1272; x_wconf 88' lang='lat' dir='ltr'>partes</span> <span class='ocrx_word' id='word_1_170' title='bbox 908 1231 947 1262; x_wconf 89' lang='lat' dir='ltr'>ad</span> <span class='ocrx_word' id='word_1_171' title='bbox 970 1243 1049 1275; x_wconf 89' lang='lat' dir='ltr'>quas</span> <span class='ocrx_word' id='word_1_172' title='bbox 1077 1235 1181 1265; x_wconf 88' lang='lat' dir='ltr'>tendit</span> <span class='ocrx_word' id='word_1_173' title='bbox 1206 1238 1342 1281; x_wconf 82' lang='lat' dir='ltr'>paralysi</span> <span class='ocrx_word' id='word_1_174' title='bbox 1370 1252 1448 1283; x_wconf 90' lang='lat' dir='ltr'>pro-</span> 
     </span>
     <span class='ocr_line' id='line_1_20' title="bbox 103 1282 1447 1334; baseline 0.007 -18"><span class='ocrx_word' id='word_1_175' title='bbox 103 1285 192 1316; x_wconf 86' lang='lat' dir='ltr'>tinus</span> <span class='ocrx_word' id='word_1_176' title='bbox 213 1285 349 1326; x_wconf 83' lang='lat' dir='ltr'>corripi:</span> <span class='ocrx_word' id='word_1_177' title='bbox 376 1293 449 1325; x_wconf 88' lang='lat' dir='ltr'>quae</span> <span class='ocrx_word' id='word_1_178' title='bbox 472 1282 584 1326; x_wconf 86' lang='lat' dir='ltr'>regula</span> <span class='ocrx_word' id='word_1_179' title='bbox 611 1284 636 1314; x_wconf 93' lang='lat' dir='ltr'>si</span> <span class='ocrx_word' id='word_1_180' title='bbox 658 1294 758 1316; x_wconf 89' lang='lat' dir='ltr'>nervo</span> <span class='ocrx_word' id='word_1_181' title='bbox 778 1295 860 1327; x_wconf 86' lang='lat' dir='ltr'>vago</span> <span class='ocrx_word' id='word_1_182' title='bbox 880 1285 1077 1328; x_wconf 82' lang='lat' dir='ltr'>applicatur,</span> <span class='ocrx_word' id='word_1_183' title='bbox 1101 1299 1174 1320; x_wconf 83' lang='lat' dir='ltr'>mox</span> <span class='ocrx_word' id='word_1_184' title='bbox 1201 1292 1397 1334; x_wconf 88' lang='lat' dir='ltr'>percipimus</span> <span class='ocrx_word' id='word_1_185' title='bbox 1422 1296 1447 1326; x_wconf 90' lang='lat' dir='ltr'>si</span> 
     </span>
     <span class='ocr_line' id='line_1_21' title="bbox 101 1336 1445 1386; baseline 0.007 -17"><span class='ocrx_word' id='word_1_186' title='bbox 101 1343 281 1377; x_wconf 85' lang='lat' dir='ltr'>resecatur,</span> <span class='ocrx_word' id='word_1_187' title='bbox 311 1336 512 1380; x_wconf 86' lang='lat' dir='ltr'>pharyngem</span> <span class='ocrx_word' id='word_1_188' title='bbox 536 1338 673 1380; x_wconf 88' lang='lat' dir='ltr'>partim,</span> <span class='ocrx_word' id='word_1_189' title='bbox 703 1343 807 1369; x_wconf 90' lang='lat' dir='ltr'>totum</span> <span class='ocrx_word' id='word_1_190' title='bbox 832 1338 1017 1382; x_wconf 85' lang='lat' dir='ltr'>laryngem,</span> <span class='ocrx_word' id='word_1_191' title='bbox 1047 1353 1118 1382; x_wconf 86' lang='lat' dir='ltr'>cor,</span> <span class='ocrx_word' id='word_1_192' title='bbox 1145 1343 1331 1386; x_wconf 87' lang='lat' dir='ltr'>pulmones,</span> <span class='ocrx_word' id='word_1_193' title='bbox 1361 1358 1445 1379; x_wconf 81' lang='lat' dir='ltr'>oeso-</span> 
     </span>
     <span class='ocr_line' id='line_1_22' title="bbox 99 1390 1443 1437; baseline 0.01 -16"><span class='ocrx_word' id='word_1_194' title='bbox 99 1390 261 1434; x_wconf 84' lang='lat' dir='ltr'>phagum,</span> <span class='ocrx_word' id='word_1_195' title='bbox 296 1390 541 1431; x_wconf 87' lang='lat' dir='ltr'>ventriculum,</span> <span class='ocrx_word' id='word_1_196' title='bbox 577 1390 697 1434; x_wconf 85' lang='lat' dir='ltr'>hepar,</span> <span class='ocrx_word' id='word_1_197' title='bbox 730 1391 797 1423; x_wconf 88' lang='lat' dir='ltr'>lien</span> <span class='ocrx_word' id='word_1_198' title='bbox 826 1394 891 1424; x_wconf 90' lang='lat' dir='ltr'>suis</span> <span class='ocrx_word' id='word_1_199' title='bbox 927 1395 1034 1427; x_wconf 89' lang='lat' dir='ltr'>nervis</span> <span class='ocrx_word' id='word_1_200' title='bbox 1067 1396 1212 1437; x_wconf 22' lang='lat' dir='ltr'>destitui,</span> <span class='ocrx_word' id='word_1_201' title='bbox 1229 1405 1262 1430; x_wconf 87' lang='lat' dir='ltr'>et</span> <span class='ocrx_word' id='word_1_202' title='bbox 1294 1407 1443 1434; x_wconf 91' lang='lat' dir='ltr'>motuum</span> 
     </span>
     <span class='ocr_line' id='line_1_23' title="bbox 99 1444 1443 1493; baseline 0.01 -18"><span class='ocrx_word' id='word_1_203' title='bbox 99 1445 246 1476; x_wconf 90' lang='lat' dir='ltr'>omnium</span> <span class='ocrx_word' id='word_1_204' title='bbox 272 1444 435 1487; x_wconf 87' lang='lat' dir='ltr'>incapacia</span> <span class='ocrx_word' id='word_1_205' title='bbox 457 1445 545 1485; x_wconf 86' lang='lat' dir='ltr'>fieri,</span> <span class='ocrx_word' id='word_1_206' title='bbox 576 1445 688 1477; x_wconf 85' lang='lat' dir='ltr'>saltem</span> <span class='ocrx_word' id='word_1_207' title='bbox 710 1445 840 1479; x_wconf 88' lang='lat' dir='ltr'>illorum</span> <span class='ocrx_word' id='word_1_208' title='bbox 863 1454 1011 1481; x_wconf 88' lang='lat' dir='ltr'>motuum</span> <span class='ocrx_word' id='word_1_209' title='bbox 1034 1450 1151 1493; x_wconf 86' lang='lat' dir='ltr'>quibus</span> <span class='ocrx_word' id='word_1_210' title='bbox 1173 1454 1265 1486; x_wconf 86' lang='lat' dir='ltr'>nervi</span> <span class='ocrx_word' id='word_1_211' title='bbox 1290 1455 1443 1488; x_wconf 87' lang='lat' dir='ltr'>animales</span> 
     </span>
     <span class='ocr_line' id='line_1_24' title="bbox 98 1498 1440 1543; baseline 0.01 -15"><span class='ocrx_word' id='word_1_212' title='bbox 98 1498 286 1542; x_wconf 73' lang='lat' dir='ltr'>praesident,</span> <span class='ocrx_word' id='word_1_213' title='bbox 321 1503 500 1542; x_wconf 86' lang='lat' dir='ltr'>sponteque</span> <span class='ocrx_word' id='word_1_214' title='bbox 524 1498 588 1542; x_wconf 86' lang='lat' dir='ltr'>jam</span> <span class='ocrx_word' id='word_1_215' title='bbox 613 1499 671 1531; x_wconf 68' lang='lat' dir='ltr'>sua</span> <span class='ocrx_word' id='word_1_216' title='bbox 697 1507 830 1543; x_wconf 87' lang='lat' dir='ltr'>apparet</span> <span class='ocrx_word' id='word_1_217' title='bbox 856 1501 982 1534; x_wconf 87' lang='lat' dir='ltr'>lethum</span> <span class='ocrx_word' id='word_1_218' title='bbox 1008 1503 1096 1536; x_wconf 90' lang='lat' dir='ltr'>haud</span> <span class='ocrx_word' id='word_1_219' title='bbox 1121 1507 1296 1539; x_wconf 88' lang='lat' dir='ltr'>arcendum</span> <span class='ocrx_word' id='word_1_220' title='bbox 1323 1509 1440 1542; x_wconf 91' lang='lat' dir='ltr'>horum</span> 
     </span>
     <span class='ocr_line' id='line_1_25' title="bbox 97 1552 1439 1598; baseline 0.009 -14"><span class='ocrx_word' id='word_1_221' title='bbox 97 1553 246 1585; x_wconf 91' lang='lat' dir='ltr'>sectionis</span> <span class='ocrx_word' id='word_1_222' title='bbox 269 1552 433 1595; x_wconf 88' lang='lat' dir='ltr'>sequelam</span> <span class='ocrx_word' id='word_1_223' title='bbox 459 1564 536 1585; x_wconf 89' lang='lat' dir='ltr'>esse.</span> <span class='ocrx_word' id='word_1_224' title='bbox 570 1554 619 1585; x_wconf 82' lang='lat' dir='ltr'>De</span> <span class='ocrx_word' id='word_1_225' title='bbox 650 1557 777 1598; x_wconf 86' lang='lat' dir='ltr'>organis</span> <span class='ocrx_word' id='word_1_226' title='bbox 803 1555 1057 1590; x_wconf 84' lang='lat' dir='ltr'>abdominalibus</span> <span class='ocrx_word' id='word_1_227' title='bbox 1086 1559 1220 1592; x_wconf 89' lang='lat' dir='ltr'>ulterior</span> <span class='ocrx_word' id='word_1_228' title='bbox 1251 1561 1305 1593; x_wconf 87' lang='lat' dir='ltr'>hic</span> <span class='ocrx_word' id='word_1_229' title='bbox 1335 1575 1439 1596; x_wconf 88' lang='lat' dir='ltr'>sermo</span> 
     </span>
     <span class='ocr_line' id='line_1_26' title="bbox 96 1605 1440 1659; baseline 0.011 -24"><span class='ocrx_word' id='word_1_230' title='bbox 96 1617 163 1637; x_wconf 88' lang='lat' dir='ltr'>non</span> <span class='ocrx_word' id='word_1_231' title='bbox 195 1606 257 1636; x_wconf 88' lang='lat' dir='ltr'>erit</span> <span class='ocrx_word' id='word_1_232' title='bbox 285 1607 362 1648; x_wconf 86' lang='lat' dir='ltr'>quia</span> <span class='ocrx_word' id='word_1_233' title='bbox 391 1605 432 1637; x_wconf 85' lang='lat' dir='ltr'>ad</span> <span class='ocrx_word' id='word_1_234' title='bbox 465 1613 612 1639; x_wconf 82' lang='lat' dir='ltr'>nostrum</span> <span class='ocrx_word' id='word_1_235' title='bbox 641 1619 773 1652; x_wconf 90' lang='lat' dir='ltr'>scopum</span> <span class='ocrx_word' id='word_1_236' title='bbox 804 1621 869 1642; x_wconf 89' lang='lat' dir='ltr'>non</span> <span class='ocrx_word' id='word_1_237' title='bbox 898 1612 1082 1655; x_wconf 84' lang='lat' dir='ltr'>pertinent,</span> <span class='ocrx_word' id='word_1_238' title='bbox 1116 1614 1170 1646; x_wconf 91' lang='lat' dir='ltr'>sed</span> <span class='ocrx_word' id='word_1_239' title='bbox 1201 1627 1304 1659; x_wconf 90' lang='lat' dir='ltr'>pauca</span> <span class='ocrx_word' id='word_1_240' title='bbox 1334 1617 1440 1650; x_wconf 89' lang='lat' dir='ltr'>adhuc</span> 
     </span>
     <span class='ocr_line' id='line_1_27' title="bbox 96 1658 1439 1710; baseline 0.01 -21"><span class='ocrx_word' id='word_1_241' title='bbox 96 1658 194 1693; x_wconf 77' lang='lat' dir='ltr'>verba</span> <span class='ocrx_word' id='word_1_242' title='bbox 219 1658 362 1691; x_wconf 89' lang='lat' dir='ltr'>addituri</span> <span class='ocrx_word' id='word_1_243' title='bbox 388 1671 499 1692; x_wconf 87' lang='lat' dir='ltr'>sumus</span> <span class='ocrx_word' id='word_1_244' title='bbox 525 1661 564 1692; x_wconf 85' lang='lat' dir='ltr'>de</span> <span class='ocrx_word' id='word_1_245' title='bbox 591 1662 773 1704; x_wconf 82' lang='lat' dir='ltr'>effectibus,</span> <span class='ocrx_word' id='word_1_246' title='bbox 804 1676 884 1708; x_wconf 91' lang='lat' dir='ltr'>quos</span> <span class='ocrx_word' id='word_1_247' title='bbox 911 1669 1201 1710; x_wconf 83' lang='lat' dir='ltr'>pneumo—gastrici</span> <span class='ocrx_word' id='word_1_248' title='bbox 1225 1671 1380 1703; x_wconf 85' lang='lat' dir='ltr'>sectiones</span> <span class='ocrx_word' id='word_1_249' title='bbox 1405 1673 1439 1703; x_wconf 90' lang='lat' dir='ltr'>in</span> 
     </span>
     <span class='ocr_line' id='line_1_28' title="bbox 95 1713 1436 1765; baseline 0.008 -19"><span class='ocrx_word' id='word_1_250' title='bbox 95 1724 214 1757; x_wconf 87' lang='lat' dir='ltr'>organa</span> <span class='ocrx_word' id='word_1_251' title='bbox 234 1713 436 1745; x_wconf 86' lang='lat' dir='ltr'>circulatoria</span> <span class='ocrx_word' id='word_1_252' title='bbox 458 1720 491 1746; x_wconf 89' lang='lat' dir='ltr'>et</span> <span class='ocrx_word' id='word_1_253' title='bbox 509 1716 709 1759; x_wconf 85' lang='lat' dir='ltr'>respiratoria</span> <span class='ocrx_word' id='word_1_254' title='bbox 732 1717 894 1750; x_wconf 85' lang='lat' dir='ltr'>efficiunt:</span> <span class='ocrx_word' id='word_1_255' title='bbox 923 1720 962 1752; x_wconf 91' lang='lat' dir='ltr'>de</span> <span class='ocrx_word' id='word_1_256' title='bbox 984 1720 1107 1753; x_wconf 86' lang='lat' dir='ltr'>ultimis</span> <span class='ocrx_word' id='word_1_257' title='bbox 1130 1723 1235 1765; x_wconf 87' lang='lat' dir='ltr'>primo</span> <span class='ocrx_word' id='word_1_258' title='bbox 1260 1725 1341 1755; x_wconf 91' lang='lat' dir='ltr'>ratio</span> <span class='ocrx_word' id='word_1_259' title='bbox 1365 1726 1436 1757; x_wconf 88' lang='lat' dir='ltr'>fiet:</span> 
     </span>
     <span class='ocr_line' id='line_1_29' title="bbox 94 1767 1437 1821; baseline 0.01 -24"><span class='ocrx_word' id='word_1_260' title='bbox 94 1767 211 1798; x_wconf 91' lang='lat' dir='ltr'>Bichat</span> <span class='ocrx_word' id='word_1_261' title='bbox 226 1767 274 1811; x_wconf 81' lang='lat'>(2)</span> <span class='ocrx_word' id='word_1_262' title='bbox 289 1768 577 1811; x_wconf 89' lang='lat' dir='ltr'>periclitationibus</span> <span class='ocrx_word' id='word_1_263' title='bbox 588 1772 652 1803; x_wconf 87' lang='lat' dir='ltr'>suis</span> <span class='ocrx_word' id='word_1_264' title='bbox 669 1772 800 1814; x_wconf 86' lang='lat' dir='ltr'>ductus,</span> <span class='ocrx_word' id='word_1_265' title='bbox 815 1785 893 1817; x_wconf 89' lang='lat' dir='ltr'>quas</span> <span class='ocrx_word' id='word_1_266' title='bbox 910 1775 944 1805; x_wconf 88' lang='lat' dir='ltr'>in</span> <span class='ocrx_word' id='word_1_267' title='bbox 960 1785 1078 1818; x_wconf 86' lang='lat' dir='ltr'>vagum</span> <span class='ocrx_word' id='word_1_268' title='bbox 1094 1787 1152 1818; x_wconf 85' lang='lat' dir='ltr'>par</span> <span class='ocrx_word' id='word_1_269' title='bbox 1167 1777 1247 1819; x_wconf 76' lang='lat' dir='ltr'>egit,</span> <span class='ocrx_word' id='word_1_270' title='bbox 1267 1785 1437 1821; x_wconf 85' lang='lat' dir='ltr'>sequentes</span> 
     </span>
     <span class='ocr_line' id='line_1_30' title="bbox 94 1820 1436 1871; baseline 0.009 -19"><span class='ocrx_word' id='word_1_271' title='bbox 94 1820 330 1854; x_wconf 87' lang='lat' dir='ltr'>observationes</span> <span class='ocrx_word' id='word_1_272' title='bbox 354 1823 460 1854; x_wconf 84' lang='lat' dir='ltr'>eruit:</span> <span class='ocrx_word' id='word_1_273' title='bbox 486 1824 511 1855; x_wconf 93' lang='lat' dir='ltr'>si</span> <span class='ocrx_word' id='word_1_274' title='bbox 531 1835 649 1857; x_wconf 88' lang='lat' dir='ltr'>nervus</span> <span class='ocrx_word' id='word_1_275' title='bbox 673 1826 728 1858; x_wconf 93' lang='lat' dir='ltr'>ille</span> <span class='ocrx_word' id='word_1_276' title='bbox 753 1827 788 1858; x_wconf 90' lang='lat' dir='ltr'>in</span> <span class='ocrx_word' id='word_1_277' title='bbox 811 1829 942 1871; x_wconf 86' lang='lat' dir='ltr'>regione</span> <span class='ocrx_word' id='word_1_278' title='bbox 967 1829 1115 1861; x_wconf 89' lang='lat' dir='ltr'>cervicali</span> <span class='ocrx_word' id='word_1_279' title='bbox 1139 1831 1283 1863; x_wconf 88' lang='lat' dir='ltr'>irritatur</span> <span class='ocrx_word' id='word_1_280' title='bbox 1302 1832 1436 1865; x_wconf 88' lang='lat' dir='ltr'>vellica—</span> 
     </span>
     <span class='ocr_line' id='line_1_31' title="bbox 92 1876 1433 1929; baseline 0.01 -23"><span class='ocrx_word' id='word_1_281' title='bbox 92 1881 204 1916; x_wconf 85' lang='lat' dir='ltr'>turve,</span> <span class='ocrx_word' id='word_1_282' title='bbox 225 1876 392 1919; x_wconf 86' lang='lat' dir='ltr'>respiratio</span> <span class='ocrx_word' id='word_1_283' title='bbox 409 1888 483 1908; x_wconf 80' lang='lat' dir='ltr'>mox</span> <span class='ocrx_word' id='word_1_284' title='bbox 499 1877 602 1910; x_wconf 89' lang='lat' dir='ltr'>celera</span> <span class='ocrx_word' id='word_1_285' title='bbox 619 1879 669 1921; x_wconf 86' lang='lat' dir='ltr'>fit,</span> <span class='ocrx_word' id='word_1_286' title='bbox 686 1880 805 1912; x_wconf 87' lang='lat' dir='ltr'>animal</span> <span class='ocrx_word' id='word_1_287' title='bbox 820 1893 886 1914; x_wconf 89' lang='lat' dir='ltr'>sese</span> <span class='ocrx_word' id='word_1_288' title='bbox 906 1888 1113 1926; x_wconf 89' lang='lat' dir='ltr'>contorquet,</span> <span class='ocrx_word' id='word_1_289' title='bbox 1130 1883 1242 1926; x_wconf 90' lang='lat' dir='ltr'>pulmo</span> <span class='ocrx_word' id='word_1_290' title='bbox 1259 1885 1433 1929; x_wconf 87' lang='lat' dir='ltr'>impeditus</span> 
     </span>
    </p>
   </div>
   <div class='ocr_carea' id='block_1_4' title="bbox 96 1960 1422 1980">
    <p class='ocr_par' dir='ltr' id='par_1_5' title="bbox 96 1960 1422 1980">
     <span class='ocr_line' id='line_1_32' title="bbox 96 1960 1422 1980; baseline 0.007 -13"><span class='ocrx_word' id='word_1_291' title='bbox 96 1960 1422 1980; x_wconf 50' lang='grc' dir='ltr'>Ἢ</span> 
     </span>
    </p>
   </div>
   <div class='ocr_carea' id='block_1_5' title="bbox 150 2009 1124 2131">
    <p class='ocr_par' dir='ltr' id='par_1_6' title="bbox 150 2009 1124 2131">
     <span class='ocr_line' id='line_1_33' title="bbox 152 2009 534 2044; baseline 0.008 -12"><span class='ocrx_word' id='word_1_292' title='bbox 152 2010 185 2040; x_wconf 81' lang='grc' dir='ltr'>(ι)</span> <span class='ocrx_word' id='word_1_293' title='bbox 202 2009 305 2041; x_wconf 84' lang='lat' dir='ltr'>Bichat,</span> <span class='ocrx_word' id='word_1_294' title='bbox 321 2011 339 2034; x_wconf 91' lang='lat'>1.</span> <span class='ocrx_word' id='word_1_295' title='bbox 356 2011 388 2041; x_wconf 87' lang='lat'>1.‚</span> <span class='ocrx_word' id='word_1_296' title='bbox 407 2019 462 2044; x_wconf 82' lang='lat' dir='ltr'>pag.</span> <span class='ocrx_word' id='word_1_297' title='bbox 480 2013 534 2043; x_wconf 85' lang='lat'>475.</span> 
     </span>
     <span class='ocr_line' id='line_1_34' title="bbox 150 2050 535 2083; baseline 0.01 -11"><span class='ocrx_word' id='word_1_298' title='bbox 150 2050 183 2080; x_wconf 82' lang='lat'>(2)</span> <span class='ocrx_word' id='word_1_299' title='bbox 200 2050 300 2082; x_wconf 79' lang='lat' dir='ltr'>Bichat,</span> <span class='ocrx_word' id='word_1_300' title='bbox 318 2051 336 2075; x_wconf 90' lang='lat'>1.</span> <span class='ocrx_word' id='word_1_301' title='bbox 354 2051 387 2082; x_wconf 87' lang='lat'>1.‚</span> <span class='ocrx_word' id='word_1_302' title='bbox 409 2060 464 2083; x_wconf 81' lang='lat' dir='ltr'>pag.</span> <span class='ocrx_word' id='word_1_303' title='bbox 481 2053 535 2076; x_wconf 76' lang='lat'><strong>461.</strong></span> 
     </span>
     <span class='ocr_line' id='line_1_35' title="bbox 1088 2101 1124 2131; baseline 0.028 -1"><span class='ocrx_word' id='word_1_304' title='bbox 1088 2101 1124 2131; x_wconf 83' lang='lat'>18</span> 
     </span>
    </p>
   </div>
  </div>
 </body>
</html>
