1747 2620
899 291 990 335 (4)

328 376 357 406 J.
382 374 421 404 G.
445 370 639 402 GARNHQR.
674 367 794 400 Diebus
819 365 987 405 Mercurii,
1016 364 1119 403 JoviS‚
1146 363 1281 395 Veneris
1308 369 1339 395 et
1363 364 1512 405 Saturni,
1540 366 1618 397 liora

284 429 425 473 quartsi,
450 427 624 457 Elementa
645 422 841 454 ‚Matheseos
864 431 925 451 nec
946 430 1011 450 non
1033 424 1065 449 et
1093 418 1389 460 Trigonometriam
1411 419 1619 450 rectilineam

284 480 465 525 explicabit.
494 478 614 510 Diebus
633 478 748 515 Lunae,
772 474 898 513 Martis,
925 472 1077 503 Mercurii
1095 476 1127 502 et
1148 471 1251 510 Jovis,
1272 470 1350 502 hora
1372 473 1489 510 tertia,
1515 473 1619 505 tradet

288 533 584 578 Trigonometrlam
608 530 835 573 sphaericam,
868 525 1092 557 Geometriam
1120 530 1386 556 transversarum
1412 531 1445 557 et
1468 526 1619 569 descrip-

286 590 387 620 ilvam
395 611 406 625 ,
429 585 622 627 Analysim
638 585 682 615 A
685 583 890 626 lgebra'z'cam
909 579 1110 621 superiorem
1126 589 1267 621 eamque
1288 578 1496 612 Geometriae
1512 581 1619 624 appli-

284 648 397 674 catam.
413 639 533 671 Diebus
548 639 664 677 Lunae,
680 637 805 676 Martis,
825 634 960 666 Veneris
976 639 1008 665 et
1022 633 1168 673 Saturni,
1190 633 1276 665 horis
1293 640 1400 677 postea
1422 635 1617 677 indicandis,

284 695 520 728 Institutiones
554 692 686 723 Calculi
715 689 952 734 differentialis
973 694 1007 719 et
1031 688 1210 731 integralis
1233 693 1270 719 et
1288 687 1505 721 Mecanz'cam
1525 691 1618 722 theo-

283 750 419 782 reticam
438 747 619 779 solidorum
639 751 673 777 et
680 745 869 787 fluidorum
895 741 1052 774 tractabit.

327 803 356 834 J.
378 802 418 832 G.
438 801 468 832 S.
490 799 578 831 VAN
599 799 750 830 BREDA.
786 798 980 829 Historiam
1006 796 1196 827 naturalem
1219 802 1360 839 exponet
1377 796 1491 830 diebus
1511 798 1616 841 Jovis,

283 856 417 888 Veneris
439 860 471 886 et
492 854 637 892 Saturni,
664 852 740 883 hora
762 852 801 882 II.

327 909 528 941 Botam'cam
554 904 679 938 docebit
704 906 815 937 iisdem
841 904 954 936 diebus
978 904 1056 936 hora
1080 904 1135 935 111.

331 962 552 993 OEconomiam
572 961 715 991 ruralem
734 959 858 1002 belgico
873 970 1019 990 sermone
1034 964 1190 1001 exponet,
1213 959 1238 989 si
1253 959 1412 991 sufficiens
1431 960 1616 994 auditorum

282 1027 437 1048 uumerus
457 1015 552 1053 adsit,
579 1013 691 1044 diebus
712 1014 828 1052 Lunae,
851 1012 960 1043 Martis
980 1018 1012 1043 et
1033 1012 1201 1053 Mercurii,
1223 1013 1302 1044 hora
1322 1014 1362 1045 II.

324 1070 355 1101 J.
377 1068 573 1100 LEMAIRE.
599 1065 696 1109 Prof.
716 1065 897 1096 Extraord.
929 1067 1192 1095 Astronomiam
1216 1068 1404 1107 Physicam
1425 1075 1459 1100 et
1477 1070 1619 1102 Mathe-

282 1125 441 1157 maticam
471 1121 574 1153 tradet
598 1120 710 1152 diebus
733 1121 850 1159 Lunae,
885 1118 995 1150 Martis
1024 1123 1057 1149 et
1080 1118 1255 1158 Mercurii,
1290 1118 1367 1150 hora
1396 1120 1453 1151 IV.
1496 1123 1618 1155 Diebus

282 1179 391 1211 Martis
411 1182 444 1208 et
462 1176 614 1215 Veneris,
634 1174 712 1206 hora
727 1174 871 1215 septima
892 1172 1073 1216 vespertina
1093 1172 1316 1204 Geometriam
1331 1179 1364 1204 et
1379 1174 1618 1207 Meclmnicam

283 1233 413 1265 artibus
436 1230 643 1272 applicatam
668 1227 826 1259 tractabit.

326 1286 361 1317 C.
388 1286 425 1318 A.
450 1282 657 1314 BERGSMA.
696 1281 793 1324 Prof.
822 1281 1004 1311 Extraord.
1043 1280 1098 1311 Bis
1126 1290 1185 1323 per
1216 1279 1468 1321 hebdomadem,
1503 1281 1616 1314 diebus

283 1340 369 1372 Jovis
396 1344 427 1370 et
452 1337 601 1375 Saturni,
626 1334 703 1366 hora
735 1335 846 1366 media
873 1340 948 1366 ante
976 1340 1130 1366 octavam
1158 1334 1394 1377 vespertinam,
1424 1334 1546 1367 scholas
1577 1336 1617 1368 de

287 1393 422 1425 Clzemia‘
452 1392 483 1422 T
479 1390 616 1422 colmie-ci
642 1387 782 1420 habebit.

775 1477 1120 1497 ψ.

326 1551 579 1583 Exercitationes
601 1548 823 1593 disputatorias
846 1547 964 1590 singuli
994 1548 1189 1581 Professores
1212 1549 1246 1581 in
1271 1548 1529 1592 praelectionibus
1552 1551 1617 1583 suis

283 1605 544 1638 moderabuntur.

762 1683 1136 1705 ——Q-i'e‹c>--

327 1757 357 1788 J.
372 1757 407 1787 L.
425 1754 664 1786 BODDAERT.
684 1753 779 1785 Med.
796 1759 831 1784 et
848 1753 1000 1796 Chirurg.
1014 1753 1117 1785 Doct.
1140 1752 1340 1786 Cadaverum
1356 1752 1615 1794 dissectionibus,

284 1811 323 1842 ab
350 1811 423 1853 ipsis
444 1815 604 1840 anatomes
627 1807 815 1839 Professoris
835 1807 987 1838 lectiones
1011 1806 1216 1839 audientibus
1239 1806 1410 1851 juvenibus
1430 1808 1465 1839 in
1487 1808 1616 1851 amphi-

284 1865 407 1896 theatro
440 1862 660 1902 instituendis,
696 1862 845 1904 praeerit,
880 1860 1033 1904 illosque,
1065 1860 1126 1893 sub
1156 1860 1375 1893 moderamine
1406 1862 1615 1903 Professoris,

283 1917 471 1951 methodum
495 1916 622 1948 secandi
646 1916 799 1948 cadavera
821 1915 957 1946 docebit.

326 1983 365 2014 A.
389 1982 429 2013 D.
455 1982 476 2012 2
499 1981 581 2024 Aug.
606 1980 650 2013 M.
663 1979 782 2012 DCCC.
795 1979 919 2011 XXVI.

327 2062 525 2095 Bibliotheca
541 2061 730 2093 Academica
746 2061 925 2104 unicuique
945 2060 1066 2104 patebit
1082 2060 1215 2104 singulis
1234 2060 1362 2102 diebus,
1379 2060 1419 2093 ab
1434 2059 1512 2092 hora
1526 2061 1615 2091 nona

284 2118 323 2150 ad
343 2117 530 2154 meridiem,
553 2122 586 2148 et
605 2128 622 2148 a
643 2116 790 2148 secanda
811 2115 1027 2160 pomeridiana
1048 2126 1152 2159 usque
1174 2114 1214 2146 ad
1234 2120 1403 2158 quartam.
