1747 2620
927 304 937 346 (
961 305 1002 345 34
1027 306 1038 346 )

309 385 508 429 aliquamdiu
529 383 603 415 suit.
631 382 742 421 Quum
759 391 834 412 vero
851 384 975 422 quarta
993 377 1063 417 illa,
1085 376 1236 409 lemmate
1254 377 1462 409 Ciceroniano
1477 377 1643 419 distincta,

309 440 367 471 etsi
398 439 491 470 altius
516 439 549 468 in
574 447 642 467 rem
663 446 727 465 non
746 439 933 476 penetrans,
958 431 1086 473 plenius
1108 437 1232 471 tamen,
1260 431 1464 475 aequabilius,
1489 438 1644 475 praestan-

309 494 388 524 tiore
414 499 446 524 et
476 490 664 522 dilucidiore
694 488 823 526 ordine,
855 497 915 517 nec
943 497 1008 516 non
1038 485 1180 517 oratioue
1205 485 1349 517 faciliore
1377 491 1409 517 et
1437 486 1642 517 concinniore

307 551 536 590 argumentum
560 548 724 580 tractasse,
750 547 783 572 et
804 532 867 570 tam
889 539 1038 578 materia,
1061 550 1159 582 quam
1180 540 1282 571 forma
1301 551 1357 571 sua
1378 539 1548 582 quaestioni
1568 550 1643 571 nos-

307 607 380 639 trae,
403 610 468 642 prae
490 598 606 636 altera,
627 595 813 627 satisfecisse
830 593 969 636 judicata
992 599 1088 632 esset,
1110 593 1215 636 palma
1235 594 1265 625 ei
1280 594 1348 625 sine
1365 593 1508 625 dissensu
1524 592 1644 625 tributa

305 660 362 685 est.
388 654 505 695 Aperta
528 649 680 681 schedula
705 648 847 679 innotuit
867 658 984 678 nomen
1006 648 1160 687 auctoris,
1187 647 1228 678 H.
1251 647 1375 687 Gnsmz,
1400 647 1514 690 philos.
1538 647 1643 678 theor.

305 718 344 738 ex
364 706 448 737 liter.
471 705 562 737 hum.
592 702 752 734 candidati
775 702 809 733 in
835 701 923 733 acad.
953 701 1150 745 Lugd.-Bat.
1173 703 1229 745 qui
1254 702 1403 734 examine
1426 701 1552 741 habito,
1576 711 1643 732 sese

305 766 469 792 auctorem
496 758 654 801 probavit.

348 814 397 845 Ad
422 813 633 856 quaestionem
661 816 801 842 nostram
830 809 1011 841 secundam
1037 815 1069 840 et
1091 810 1241 846 tertiam,
1269 821 1408 852 quarum
1433 808 1532 840 altera
1555 819 1642 839 oeco-

304 869 444 899 nomiam
466 867 646 910 politicam,
670 865 768 896 altera
793 865 1092 907 interpretationem
1111 862 1324 903 Quinctiliani
1346 862 1524 905 spectabat,
1546 873 1642 894 nemo

304 922 384 962 suit,
410 921 467 964 qui
488 919 681 963 respondere
702 919 847 949 animum
870 918 1047 950 induxerit.

522 1133 771 1162 Junlclum
819 1130 1143 1160 FAcuL'rA‘rls
1193 1130 1417 1160 MEDICAE.

347 1283 396 1316 Ad
423 1288 612 1326 sequentem
639 1281 833 1325 propositam
863 1280 1096 1322 quaestionem:

346 1350 364 1369 ((
394 1338 488 1377 Quid
521 1337 637 1368 docent
667 1335 837 1366 hodierna?
871 1333 1022 1363 notiones
1057 1344 1098 1363 ex
1129 1333 1347 1370 Anatomict‚
1385 1332 1638 1376 Physiologici,

303 1404 321 1424 ))
346 1392 557 1433 Pathologid
584 1389 800 1432 Chirurgicci,
830 1388 1062 1418 observatione
1083 1393 1116 1418 et
1135 1388 1371 1429 experimentis
1385 1388 1525 1429 petitae,
1551 1388 1643 1417 circa

301 1458 320 1477 ))
347 1446 573 1477 letlzalitatem
622 1444 795 1476 vulneram
839 1442 995 1484 partium
1044 1447 1273 1473 contentarum
1323 1447 1358 1473 et
1401 1441 1642 1472 continentium

304 1511 323 1530 ))
349 1500 495 1530 thoracis
507 1498 552 1529 ‚9³²

347 1553 503 1596 Quinque
529 1558 668 1594 acceptae
689 1556 764 1583 sunt
788 1550 1091 1581 commentationes:

506 1612 534 1634 1³
555 1605 615 1633 Sub
634 1604 784 1633 lemmate:
811 1614 825 1631 «
842 1603 963 1632 Miseris
986 1612 1151 1632 succurrere
1172 1601 1287 1631 disco.’'

505 1661 535 1683 2³
556 1654 616 1683 Sub
638 1652 784 1693 symbolo:
810 1663 824 1681 <‹
843 1658 914 1681 Γνοθι
936 1652 1060 1681 a—eoeu7nv.''

504 1704 536 1732 3³
557 1703 616 1732 Sub
637 1702 812 1742 epigraphe:

609 1761 621 1773 «
640 1752 697 1774 Non
715 1755 751 1774 est
765 1753 791 1773 in
808 1751 900 1773 medico
915 1757 1009 1780 semper
1024 1750 1148 1773 relevatur
1162 1754 1189 1773 ut
1204 1757 1270 1781 oeget·

608 1800 621 1813 ι)
638 1793 765 1814 Interdum
782 1792 853 1814 docta
867 1792 924 1821 plus
940 1791 1009 1814 valet
1023 1795 1076 1814 arte
1092 1791 1207 1814 'namtas’

504 1832 536 1861 4¹²
557 1832 616 1861 Sub
632 1832 837 1872 inscriptione:
863 1843 877 1860 «
895 1831 966 1860 Nisi
981 1831 1051 1860 utile
1066 1837 1107 1860 est
1120 1830 1336 1871 quodfacimus
1350 1829 1438 1859 stulta
1454 1835 1496 1859 est
1508 1828 1640 1869 gloria-’³

503 1883 534 1912 5²¹
555 1881 673 1922 Cuipro
686 1880 833 1910 lemmate:
860 1893 874 1910 «
894 1880 977 1918 Quid
990 1882 1149 1921 perfectum
1169 1880 1203 1910 de
1223 1880 1367 1921 discipulo
1384 1879 1588 1920 sperandmn.''

348 1944 397 1975 De
425 1943 475 1974 his
508 1943 551 1974 ita
580 1942 735 1986 judicavit
765 1942 922 1982 facultas,
955 1942 1052 1981 duam,
1082 1932 1259 1974 secundam
1285 1940 1406 1972 scilicet
1431 1946 1464 1972 et
1494 1940 1640 1983 quintam

306 2000 452 2042 quamvis
479 2009 543 2028 non
568 1997 650 2028 male
681 2003 842 2037 exaratas,
874 1997 1005 2028 minoris
1029 2003 1138 2028 tamen
1159 2006 1226 2027 esse
1250 1994 1421 2033 momenti3
1441 1994 1541 2026 trium
1563 1992 1641 2025 reli-

306 2063 444 2096 quarum
463 2062 538 2083 vero
564 2062 703 2082 summas
729 2050 918 2083 eruditionis
942 2051 1120 2096 judiciique
1145 2050 1256 2083 laudes
1278 2049 1405 2093 singulo
1425 2048 1548 2080 auctori
1575 2058 1641 2079 esse

305 2106 506 2148 tribuendas7
527 2105 661 2150 illasque
676 2112 764 2138 tanta
782 2117 859 2138 cura
878 2117 944 2138 esse
961 2106 1150 2146 elaboratas,
1166 2110 1204 2137 ut
1222 2104 1282 2136 sub
1298 2104 1400 2149 prima
1420 2103 1559 2134 lectione
1578 2107 1641 2133 tres
