1747 2620
873 244 889 287 (
913 244 955 275 50
979 246 994 287 )

259 325 291 349 et
311 319 524 361 propositione
543 319 572 349 ei
594 318 733 350 inditum
755 324 818 357 est,
840 318 961 350 indicat
978 318 1134 362 ejusmodi
1155 322 1404 364 argumentandi
1424 323 1596 365 rationem,

258 385 329 415 quae
353 373 482 416 plenam
504 372 696 405 evidentiam
718 384 782 403 non
805 373 911 405 habet.
934 374 975 405 Et
995 386 1070 406 vero
1087 387 1161 406 cum
1181 387 1219 407 ex
1238 377 1519 410 enunciationibus
1534 378 1598 410 du-

258 433 349 459 catur
376 427 620 467 verisimilibus,
652 426 887 469 probabilibus,
914 428 1064 469 incertis,
1096 429 1225 470 dubiis,
1259 430 1361 462 efficit*
1397 431 1597 464 solummodo

257 482 584 521 verisimilitudinem,
601 481 653 513 vel
664 480 703 512 ad
712 492 875 512 summum
892 480 1087 514 evidentiam
1103 483 1255 515 moralem
1267 484 1331 527 (1);
1348 496 1445 528 quam
1461 486 1597 519 eviden-

256 537 349 574 tiam⁷
370 537 519 578 quoniam
544 546 662 574 causae,
685 546 784 577 quare
805 535 990 566 enunciatio
1010 547 1084 567 vera
1105 537 1159 578 sit,
1182 549 1239 580 pro
1259 545 1349 581 parte
1371 545 1499 571 tantum
1520 551 1597 584 per-

256 590 453 632 spiciuntur,
475 589 528 620 hic
548 589 654 620 locum
674 589 792 620 habere
808 600 873 620 non
893 600 1000 632 posse,
1021 601 1135 622 verum
1157 592 1251 624 aliam
1268 594 1439 636 quamdam
1459 606 1596 639 eamque

255 643 408 687 majorem
430 644 567 686 requiri,
592 654 641 674 res
663 644 729 685 ipsa
748 643 903 686 loquitur.
928 643 1016 675 Idem
1038 644 1272 678 observandum
1288 654 1336 679 est
1356 647 1395 680 de
1417 649 1516 681 altero
1540 650 1596 681 illo

254 704 460 741 argumento,
487 709 551 741 quo
574 698 756 728 universam
786 703 975 729 naturarum
1003 699 1209 732 rationalium
1235 700 1497 745 conjunctionem
1519 703 1594 735 olim

252 752 360 783 locum
382 764 448 784 esse
472 752 655 783 habituram
676 751 882 783 contenditur
906 752 957 784 vel
983 754 1089 796 potius
1113 755 1295 799 conjicitur.
1323 756 1405 795 Quae
1425 769 1500 789 cum
1520 769 1596 801 per—

253 807 390 849 spiceret
411 805 686 846 Mendelsohnius,
711 806 745 836 in
767 817 804 837 eo
821 806 961 838 Platonis
981 810 1294 850 argumentationem
1318 817 1464 853 secutus,
1486 812 1519 843 in
1536 823 1596 844 ne-

253 861 396 892 cessariae
420 861 697 892 demonstrationis
721 860 858 892 formam
881 861 951 891 illas
974 862 1112 893 rationes
1133 863 1280 907 redigere
1306 865 1442 897 studuit.
1482 866 1595 910 Itaque

251 925 353 957 quum
376 914 478 945 omnis
500 914 533 944 in
555 925 664 945 rerum
685 919 800 945 natura
823 915 959 946 mutatio
984 916 1039 946 fiat
1063 917 1218 959 paulatim
1243 925 1276 950 et
1296 921 1495 952 successione
1521 933 1596 964 gra-

251 968 370 1008 duum,
389 969 524 1000 mutatio
547 980 620 1000 vero
643 980 694 1008 ea,
716 980 790 1012 quae
812 970 847 1000 fit
869 981 908 1001 ex
931 971 995 1002 vita
1017 970 1056 1001 ad
1079 977 1233 1011 mortem,
1253 983 1310 1003 seu
1331 984 1371 1003 ex
1391 984 1425 1004 re
1446 973 1484 1004 ad
1508 974 1596 1005 nihi-

250 1023 317 1054 lum
328 1047 336 1062 ,
360 1023 472 1054 eodem
489 1023 583 1054 modo
600 1023 707 1054 locum
724 1035 790 1054 non
805 1023 938 1063 habeat,
961 1024 1022 1055 hoc
1039 1024 1147 1055 effecit
1163 1025 1309 1056 animum
1331 1031 1455 1058 naturae
1474 1026 1596 1058 viribus

251 1077 373 1109 destrui
392 1089 457 1108 non
482 1088 584 1120 posse.
614 1078 670 1108 Est
690 1088 765 1108 sane
788 1077 1015 1109 demonstratio
1034 1077 1237 1109 subtilissima
1258 1085 1290 1109 et
1310 1079 1456 1122 elegans,
1480 1091 1595 1113 verum

250 1131 445 1164 adversarios
466 1131 642 1162 concedere
660 1143 725 1162 non
745 1138 847 1174 coget.
874 1132 1004 1163 Etenim
1027 1138 1173 1163 constans
1189 1132 1243 1163 illa
1264 1132 1331 1172 lex,
1352 1134 1464 1176 quain
1484 1145 1595 1167 rerum

249 1192 365 1217 natura
387 1186 493 1217 omnia
517 1190 687 1216 mutentur
705 1186 903 1216 successione
922 1185 1100 1228 graduum,
1126 1187 1268 1229 pertinet
1290 1192 1415 1218 tantum
1441 1187 1481 1219 ad
1506 1187 1595 1233 ejus-

249 1240 336 1271 modi
362 1251 429 1279 res,
458 1250 530 1282 quae
555 1240 661 1270 sensui
686 1245 820 1270 externo
849 1239 1068 1282 objiciuntur,
1098 1252 1162 1271 non
1184 1241 1262 1272 item
1286 1241 1325 1272 ad
1350 1241 1493 1285 objecta,
1521 1254 1594 1286 quae

249 1294 376 1325 nonnisi
407 1305 503 1325 sensu
532 1294 659 1324 interno
686 1293 903 1335 percipimus,
935 1292 1038 1336 qualis
1064 1299 1111 1324 est
1140 1294 1278 1324 animus.
1319 1294 1402 1332 Quoe
1431 1295 1531 1337 igitur
1559 1296 1594 1325 in

249 1349 349 1392 spatio
369 1348 475 1379 existit
496 1347 647 1386 materia,
675 1347 822 1390 quamvis
844 1346 938 1378 variis
960 1345 1157 1388 temporibus
1181 1347 1267 1378 varia
1291 1346 1492 1391 singularum
1517 1359 1594 1390 par—

251 1405 330 1434 tium
358 1404 397 1433 sit
421 1402 625 1446 conjunctio,
653 1401 750 1444 plane
775 1401 908 1431 interire
933 1400 1067 1442 nequit,
1092 1400 1148 1431 sed
1175 1406 1343 1431 mutantur
1370 1400 1440 1443 ejus
1468 1400 1592 1432 formae.

250 1457 345 1496 Quod
371 1458 395 1487 si
428 1468 502 1487 vero
528 1455 610 1487 illud
638 1455 677 1486 ad
705 1455 871 1493 animum,
904 1454 1031 1485 interno
1062 1459 1189 1484 tantum
1220 1464 1315 1485 sensu
1345 1454 1592 1496 percipiendum

250 1510 478 1549 transferatur,
505 1508 731 1540 demonstratio
750 1519 815 1539 non
837 1508 898 1539 rite
919 1506 1080 1550 procedit,
1105 1507 1159 1538 sed
1178 1507 1292 1547 saltus,
1315 1509 1370 1550 qui
1396 1508 1534 1548 dicitur,
1557 1509 1592 1540 in

251 1563 497 1596 demonstrando
525 1562 793 1605 deprehenditur.
824 1562 981 1592 Praeterea
1007 1561 1129 1591 etiamsi
1156 1560 1209 1591 illa
1231 1563 1466 1603 argumentatio
1495 1562 1591 1605 plena

251 1625 283 1650 et
303 1618 443 1649 absoluta
465 1617 638 1656 habeatur,
660 1616 797 1659 ideoque
816 1615 962 1646 animum
984 1620 1107 1646 naturae
1126 1614 1247 1646 viribus
1268 1615 1394 1647 dissolvi
1416 1628 1478 1647 non
1500 1629 1590 1660 posse

250 1678 450 1710 assumatur,
482 1671 626 1701 nondum
653 1676 761 1701 tamen
784 1670 891 1700 onmia
919 1668 1176 1701 dissentientium
1201 1668 1298 1701 dubia
1325 1670 1502 1711 tolluntur,
1535 1672 1590 1703 sed

249 1726 361 1759 eadem
388 1725 441 1756 illa
466 1725 635 1764 oriuntur,
662 1736 734 1767 quae
762 1725 795 1755 in
823 1723 1077 1767 praecedentibus
1104 1723 1285 1755 retulimus.
1323 1723 1484 1756 Nimirum
1512 1736 1590 1757 cum

249 1781 433 1825 perennitas
453 1780 551 1822 ipsius
571 1779 669 1810 animi
688 1785 853 1822 tamquam
871 1779 1053 1811 substantiae
1073 1779 1286 1811 demonstrata
1305 1785 1368 1819 est,
1389 1779 1449 1810 alia
1469 1780 1588 1812 iterum

248 1835 436 1880 probatione
461 1846 541 1877 opus
561 1840 626 1873 est,
652 1846 716 1877 qua
736 1834 909 1874 essiciatur,
933 1845 1007 1866 eum
1034 1840 1066 1865 et
1089 1833 1315 1864 conscientiam
1341 1835 1390 1865 sui
1416 1839 1449 1865 et
1473 1833 1587 1877 agendi

249 1889 436 1921 facultatem
464 1899 530 1919 esse
556 1887 764 1928 habiturum·⁷
789 1889 905 1931 quibus
932 1889 1063 1932 quidem
1086 1888 1200 1919 demtis
1221 1899 1286 1918 non
1311 1888 1418 1919 existit
1439 1888 1506 1919 veri
1528 1900 1589 1919 no—

250 1944 344 1975 minis
371 1941 611 1981 immortalitas,
648 1953 746 1984 quam
772 1953 829 1973 nos
855 1954 1019 1986 speramus
1048 1948 1079 1973 et
1104 1941 1319 1973 defendimus.
1364 1941 1478 1985 Neque
1513 1952 1587 1975 vero

309 2076 351 2105 (ι)
369 2075 429 2098 Vid.
452 2075 540 2105 Wyu.
564 2079 681 2106 praecepta
698 2075 763 2106 phil.
780 2075 871 2107 logic.‚
889 2084 915 2106 p.
934 2077 984 2098 111.
1002 2083 1057 2105 cap.
1078 2075 1155 2104 V111,
1173 2075 1184 2105 §
1205 2083 1212 2097 ι
1231 2079 1254 2098 et
1268 2082 1323 2104 cap.
1343 2074 1390 2097 IX.
1413 2075 1460 2104 §1.
