1747 2620
689 294 802 336 (87)

71 373 174 415 prima
197 372 364 411 remansit,
384 377 417 402 et
436 370 517 410 vita,
534 369 595 401 hoc
613 370 714 412 spatio
729 369 852 412 elapso,
869 369 1059 401 destitutum
1075 374 1132 400 est.
1155 369 1254 400 Imius
1276 370 1310 400 in
1330 369 1413 412 illud

71 426 308 469 phaenomenon
336 430 505 468 penetrare
524 423 604 454 mihi
629 423 756 454 animus
774 423 855 463 fuit,
879 423 1026 456 invenire
1046 423 1169 454 scilicet
1190 423 1271 454 mihi
1296 435 1415 467 propo—

72 479 139 519 sui,
165 490 246 510 num
271 484 356 510 secto
377 479 421 509 sic
445 489 484 509 ex
508 483 647 520 utroque
668 477 768 509 latere
789 477 950 518 Thorace,
971 484 1004 509 et
1026 477 1143 509 deinde
1165 477 1321 510 obturatis
1342 478 1417 510 vul-

72 544 189 565 nerum
206 533 347 572 orificiis,
363 532 481 563 animal
497 533 591 563 etiam
610 532 763 575 asphyxia
779 533 963 576 periturum
980 538 1076 573 esset,
1091 538 1287 576 quapropter
1301 533 1416 576 igitur,

74 593 159 619 secto
180 587 324 618 cuniculi
345 592 383 618 ut
404 587 437 617 in
461 586 621 629 prioribus
641 586 803 626 Thorace,
828 592 860 617 et
880 585 1018 618 animale
1041 585 1170 630 jamjam
1195 587 1229 617 in
1255 586 1418 629 asphyxiae

73 641 219 686 periculo
240 647 402 680 versante,
423 640 598 673 vulnerum
619 640 727 671 hiatus
747 640 896 683 pedieillo
916 641 960 671 ita
981 640 1116 681 occlusi,
1137 646 1176 672 ut
1194 642 1248 672 aer
1264 652 1329 671 non
1348 652 1419 671 am-

73 695 159 739 plius
184 701 354 738 penetrare
380 701 500 738 posset,
531 694 587 726 sed
610 693 775 737 difficilius·
795 694 901 725 adhuc
923 694 1061 726 halitum
1086 706 1182 726 suum
1206 694 1361 734 ducebat,
1387 701 1419 725 et

74 749 229 781 brevioris
253 748 384 792 quidem
410 760 507 792 quam
535 748 645 779 caeteri
669 748 821 790 temporis
845 749 946 791 spatio
967 750 1107 780 animam
1132 760 1244 788 suam,
1273 754 1343 791 post
1367 749 1420 779 in-

75 803 206 834 fandam
227 803 439 842 anxietatem,
456 802 574 834 efflavit
588 802 748 834 ultimam.
765 802 878 842 Quum
902 804 1049 835 omnium
1069 803 1186 835 horum
1206 804 1419 835 animantium

76 857 230 889 cadavera
262 857 505 900 perlustrarem,
528 856 611 888 nihil
636 857 669 888 in
694 857 769 899 ipsis
790 857 901 889 inveni
927 864 1045 900 praeter
1068 857 1265 901 stupendum
1289 857 1421 900 pulmo-

75 923 155 943 num
173 911 364 955 collapsum,
381 911 510 943 Thorax
526 911 612 942 enim
627 913 744 942 cavum
760 923 901 943 vacuum
918 911 1077 942 formabat
1091 912 1125 943 in
1138 911 1232 955 cujus
1247 912 1421 954 posteriore

75 966 222 1008 regione,
247 977 365 1008 organa
387 965 503 1005 rubra,
529 964 699 1007 pulmones
720 965 842 997 scilicet
864 965 903 997 ad
929 966 1100 997 minimum
1124 965 1277 998 volumen
1301 965 1422 997 redacti

76 1019 210 1061 relegati
235 1025 337 1050 erant.

120 1074 168 1104 Ex
185 1074 234 1104 his
250 1073 539 1113 observationibus,
555 1073 580 1104 si
595 1073 716 1104 scilicet
731 1073 791 1103 rite
803 1073 1127 1115 experimentationes
1143 1073 1297 1104 institutae
1312 1072 1421 1111 fu'ere,

77 1126 132 1169 (et
151 1128 256 1158 omnia
278 1139 350 1170 quae
371 1128 406 1158 in
423 1138 474 1158 me
491 1126 627 1157 suerunt
641 1126 785 1169 impendi
807 1132 845 1157 ut
860 1126 943 1158 bene
960 1127 1210 1170 succederent),
1230 1127 1423 1158 concludere

77 1193 262 1225 possumus:
289 1181 424 1213 vulnera
444 1192 516 1223 quae
536 1187 716 1223 utrumque
741 1180 825 1212 latus
846 1181 983 1223 pectoris
1003 1181 1171 1224 perforant
1192 1181 1368 1212 necessario
1392 1186 1425 1212 et

78 1235 182 1267 multo
204 1236 298 1266 citius
316 1241 451 1266 mortem
469 1232 594 1278 patrare
615 1246 713 1278 quam
732 1235 876 1266 laesiones
894 1246 966 1278 quae
986 1247 1091 1266 unum
1110 1235 1290 1267 alterumve
1310 1236 1425 1278 singu—

77 1289 167 1320 latim
199 1289 282 1320 latus
318 1288 500 1332 trajiciunt:
532 1287 669 1332 hujusce
692 1288 739 1318 rei
765 1289 844 1318 ratio
870 1299 943 1319 mox
969 1294 1073 1331 patet,
1109 1288 1284 1320 dummodo
1316 1290 1424 1320 animo

77 1345 276 1386 repetimus,
299 1344 446 1383 omnino,
464 1343 499 1374 in
519 1343 618 1385 priori
640 1353 732 1382 casu,
754 1343 996 1385 respirationem
1018 1343 1154 1384 destrui,
1177 1344 1271 1383 dum,
1295 1345 1329 1375 in
1349 1355 1426 1387 pos-

78 1398 206 1438 teriori,
221 1398 318 1430 unius
334 1397 557 1434 tantummodo
574 1396 736 1444 pulmonis
752 1397 834 1427 actio
848 1396 1007 1437 demitur,
1024 1404 1057 1430 et
1069 1398 1114 1429 sic
1130 1399 1203 1430 vitae
1220 1409 1277 1441 per
1297 1398 1425 1441 longius

78 1457 207 1495 tempus
233 1452 421 1496 perduratio
448 1451 641 1495 explicatur.
669 1450 701 1481 Si
726 1450 825 1481 nimia
851 1453 931 1482 aeris
958 1453 1045 1495 copia
1073 1453 1106 1483 in
1133 1452 1284 1484 Thoracis
1309 1463 1425 1484 cavum

81 1507 278 1550 penetravit,
304 1513 338 1538 et
361 1506 481 1541 vulnus
504 1506 621 1538 deinde
647 1505 826 1545 clauditur,
852 1507 906 1537 aer
926 1512 1006 1537 tunc
1027 1507 1127 1549 ipsius
1146 1507 1216 1539 cavi
1239 1506 1343 1537 calore
1367 1517 1426 1537 ex—

82 1559 235 1602 panditur
261 1566 294 1592 et
312 1560 467 1605 majorem
488 1560 638 1604 quidem,
665 1571 762 1604 quam
787 1566 899 1601 autea,
925 1554 1121 1604 pressionem
1143 1562 1178 1592 in
1202 1561 1371 1604 pulmones
1394 1567 1426 1592 et

84 1625 138 1645 cor
161 1620 305 1654 exercet,
332 1615 421 1646 unde
440 1615 614 1659 repetenda
637 1621 685 1647 est
705 1616 767 1648 cita
792 1615 983 1648 animalium
1002 1616 1081 1648 huic
1103 1617 1325 1659 experimento
1347 1614 1426 1646 sub-

82 1668 251 1699 missorum
273 1668 438 1712 asphyxia.

125 1721 225 1753 Aliud
254 1723 514 1765 experimentum
538 1723 684 1767 instjtui,
716 1730 754 1756 ut
780 1736 946 1756 noscerem
976 1724 1056 1767 quid
1081 1725 1135 1755 aer
1164 1723 1368 1756 introductus
1391 1723 1425 1754 in

83 1780 212 1818 pectore
238 1776 345 1809 efficit.
370 1776 492 1809 Iterum
520 1770 664 1809 cuni‘culi
685 1777 843 1810 abdomen
864 1779 977 1822 aperui
1000 1784 1047 1818 et,
1072 1779 1272 1821 retropressis
1294 1779 1426 1811 visceri—
1454 1779 1457 1786 '

83 1830 142 1863 bus
170 1831 413 1877 ehylopoe'tieiS,
440 1832 475 1864 in
496 1832 745 1875 diaphragmatis
765 1832 906 1864 mediam
929 1839 1052 1876 partem
1077 1832 1203 1875 plagam
1232 1832 1335 1863 inflixi
1360 1844 1423 1863 non

82 1885 127 1917 ita
142 1885 272 1929 quidem
289 1897 436 1929 magnam
447 1910 455 1926 ,
474 1897 538 1930 quo
553 1886 654 1927 sacto,
669 1887 840 1930 pulmones
856 1889 913 1931 qui
930 1887 1164 1930 diaphragmati
1179 1886 1424 1927 incumbebant,

83 1951 157 1971 mox
181 1939 220 1972 ab
237 1940 304 1983 ipso
325 1947 542 1981 recesserunt,
563 1941 598 1974 in
620 1942 830 1985 posteriorem
852 1943 988 1984 pectoris
1008 1947 1133 1984 partem
1148 1952 1216 1972 sese
1231 1947 1425 1985 receperunt

85 1999 118 2025 et
137 1993 322 2026 difficillime
349 1994 487 2027 halitum
513 1995 651 2036 ducenS,
674 2002 746 2039 post
770 1996 893 2039 aliquot
913 1996 1037 2027 minuta
1064 1996 1167 2038 prima
1187 1997 1283 2039 periit
1307 1994 1425 2027 animal

86 2048 326 2093 asphyxticum3
350 2056 461 2093 aperto
482 2050 653 2091 cadavere,
676 2051 759 2082 nihil
780 2050 945 2093 sanguinis
964 2050 997 2080 in
1019 2049 1163 2080 Thorace
1182 2049 1308 2088 inveni,
1334 2048 1423 2080 nulla

86 2101 145 2134 alia
173 2101 365 2135 abnormitas
390 2103 456 2136 illic
481 2104 562 2136 mihi
588 2106 739 2148 apparuit
763 2105 824 2136 nisi
845 2104 1011 2136 mirandus
1036 2103 1229 2147 pulmonum
1256 2103 1421 2147 collapsus.
