1747 2620
897 265 1015 308 (68)

334 339 486 370 Diffracto
516 344 639 378 sterno,
672 339 851 382 fragmenta
880 339 931 372 vel
958 341 990 371 in
1016 341 1080 371 situ
1106 352 1163 372 suo
1188 340 1326 372 naturali
1353 347 1505 380 manent,
1536 341 1585 372 vel
1610 354 1627 372 a

290 393 445 435 positione
464 393 520 425 sua
537 393 670 424 normali
685 393 841 424 recedunt
859 399 891 424 et
906 406 921 424 a
938 395 1031 425 causa
1049 393 1238 426 vulnerante
1256 395 1407 425 interiora
1423 406 1532 426 versus
1552 406 1629 437 pro-

290 446 467 478 truduntur
480 447 536 489 (1).
553 447 588 477 In
605 447 701 489 priori
718 458 791 477 casu
807 446 889 477 nihil
904 447 1039 489 periculi
1055 448 1235 488 invenitur,
1248 454 1279 479 at
1294 449 1457 481 enimvero
1472 449 1506 479 in
1522 454 1629 491 poste—

289 501 364 531 riori
384 501 496 543 ingens
517 500 689 543 aliquando
714 506 745 530 et
770 500 888 530 lethale
910 499 1065 531 damnum
1088 501 1192 541 adest3
1218 502 1365 545 nihilque
1384 503 1418 533 in
1440 513 1477 533 eo
1502 508 1548 533 cst
1570 514 1628 533 cur

290 555 464 585 miremur:
493 553 624 596 ponitur
655 553 741 583 enim
769 559 913 583 sternum
942 553 1045 596 clypei
1076 554 1215 585 adinstar
1236 561 1310 586 ante
1339 567 1455 598 organa
1477 555 1629 586 Thoracis

288 607 498 647 nobilissima,
535 619 674 650 quorum
700 607 875 638 necessario
901 607 952 639 vel
988 608 1177 650 compressio
1208 608 1259 639 vel
1287 609 1464 641 vulneratio
1495 609 1627 652 produci

289 661 383 692 debet
405 661 491 692 illius
513 663 588 692 ossis
612 661 800 703 fragmentis
824 661 910 692 intus
933 661 1050 704 pulsis:
1074 668 1106 693 et
1130 673 1240 694 revera
1264 662 1323 694 sub
1344 663 1397 693 tali
1421 663 1555 694 vulnere
1578 674 1629 694 se-

289 715 398 758 quitur
423 715 616 758 pulmonum
639 715 807 757 cordisque
828 717 972 747 contusio
995 715 1046 747 vel
1067 716 1266 755 dilaceratio3
1294 717 1385 759 sique
1404 717 1470 747 istae
1491 716 1628 759 sequelae

288 780 352 799 non
374 775 528 811 surgunt,
553 769 716 812 sanguinis
737 774 770 799 et
790 768 975 800 substantiae
997 771 1071 800 ossis
1091 770 1275 801 medullaris
1294 770 1330 801 fit
1346 770 1458 801 effusio
1474 769 1537 812 (2),
1556 781 1629 813 quae

287 828 367 854 tunc
398 823 618 854 collectionem
644 823 852 865 purulentam
876 830 1045 866 provocat,
1077 824 1150 854 ossis
1179 824 1278 866 ipsius
1304 824 1421 854 cariem
1451 823 1629 866 producere

286 876 458 907 valentem.
486 877 653 919 Prognosis
672 887 798 919 semper
820 877 947 908 funesta
969 883 1033 916 est3
1057 877 1123 919 ipse
1148 878 1233 907 enim
1257 877 1432 919 Duverney
1453 877 1500 919 (3)
1521 876 1629 908 decla-

285 936 355 969 rat,
382 930 493 973 quodsi
524 937 594 973 post
618 931 792 961 fracturam
819 931 917 962 sterni
945 932 1106 973 congestio
1133 930 1172 961 ad
1197 936 1295 972 caput
1320 936 1352 961 et
1379 930 1476 961 febris
1504 931 1628 973 surgit,

285 984 408 1016 nullam
430 985 498 1015 fere
525 996 690 1027 superesse
712 996 819 1027 spem,
844 990 876 1016 et
899 984 954 1015 tali
976 984 1146 1015 affectione
1169 989 1303 1015 mortem
1327 995 1417 1014 nunc
1435 984 1516 1023 cito,
1541 995 1629 1015 nunc

285 1038 405 1070 lentius
427 1038 561 1081 produci
583 1038 641 1080 (4)
665 1038 754 1069 Istud
775 1038 908 1069 effatum
931 1049 1053 1080 possem
1076 1037 1185 1069 multis
1209 1036 1481 1069 observationibus
1504 1038 1630 1069 firmare

286 1103 304 1122 e
324 1092 440 1134 quibus
455 1092 544 1122 binas
568 1092 641 1130 has,
670 1103 688 1123 e
708 1092 884 1134 Duverney
900 1091 1100 1134 desumptas,
1121 1091 1306 1123 referendas
1327 1102 1393 1122 esse
1418 1091 1538 1122 credidi
1561 1091 1628 1134 (5):

287 1157 306 1177 ))
322 1146 381 1177 Vir
408 1147 539 1188 quidam
566 1146 651 1177 inter
676 1145 856 1177 ludendum
882 1145 980 1188 lapidi
1006 1151 1151 1176 sternum
1178 1146 1313 1188 impegit
1338 1151 1371 1176 et
1394 1146 1541 1188 protinus
1567 1146 1628 1177 vitei

286 1210 306 1230 ))
322 1199 493 1231 destitutus
514 1199 588 1231 fuit.
616 1200 736 1242 Aperto
761 1199 932 1239 cadavere,
954 1199 1086 1242 reperiit
1111 1200 1285 1242 Duverney
1305 1205 1449 1230 sternum
1473 1200 1629 1238 fractum,

287 1265 307 1285 ))
324 1253 539 1296 pericardium
562 1253 724 1292 lacerum,
749 1259 782 1284 et
804 1253 983 1284 auriculam
1005 1253 1108 1284 cordis
1127 1252 1272 1283 dextram
1288 1254 1321 1283 in
1341 1253 1443 1284 tribus
1458 1253 1630 1295 segmentis

286 1319 305 1338 ))
322 1307 489 1339 divisam.'’
519 1307 629 1338 Tantae
654 1312 730 1338 sunt
758 1306 896 1350 sequelae
917 1317 995 1349 quas
1018 1311 1163 1336 sternum
1186 1305 1328 1336 fractura
1351 1305 1533 1348 disruptum
1560 1312 1630 1348 post

285 1373 317 1393 se
339 1361 465 1393 trahere
491 1361 612 1404 potest!
646 1372 663 1393 ))
681 1361 801 1404 Opifex
826 1361 860 1391 in
888 1359 1061 1403 lapidicina
1088 1369 1223 1390 munere
1252 1370 1310 1390 suo
1336 1358 1414 1390 dum
1436 1358 1630 1402 fungeretur

285 1426 304 1446 ))
322 1416 354 1446 in
376 1414 459 1446 latus
479 1426 575 1447 suum
596 1414 826 1458 procumbens,
846 1414 925 1457 lapis
946 1414 979 1444 in
1000 1414 1106 1456 ipsum
1127 1412 1242 1443 cecidit
1263 1418 1295 1443 et
1312 1413 1459 1455 protinus
1480 1412 1628 1445 ultimam

286 1470 458 1500 »animam
485 1469 619 1509 esslavit3
649 1468 719 1512 ejus
748 1467 884 1499 cadaver
914 1473 1059 1498 sternum
1087 1466 1289 1505 diffracmm,
1321 1477 1374 1496 cor
1399 1472 1431 1496 et
1459 1466 1628 1508 pulmones

287 1524 437 1554 »misere
462 1523 648 1554 dilaceratos
672 1521 851 1553 exhibuit.'’
881 1521 979 1551 Abest
1005 1526 1112 1551 tamen
1140 1525 1178 1551 ut
1202 1530 1312 1550 omnes
1336 1520 1434 1550 sterni
1460 1519 1627 1560 fracturae,

286 1575 402 1618 quibus
420 1576 542 1607 accedit
561 1576 816 1619 fragmentorum
833 1574 872 1605 ad
887 1574 1038 1605 interiora
1055 1584 1210 1612 secessus,
1229 1579 1293 1603 tam
1309 1573 1487 1604 infaustum
1504 1574 1627 1605 exitum

285 1629 438 1669 habeant3
458 1636 533 1660 sunt
552 1630 639 1660 enim
661 1628 765 1660 media
783 1627 901 1671 quibus
923 1628 1102 1671 fragmenta
1120 1628 1184 1659 situ
1199 1626 1362 1658 abnormia
1377 1628 1410 1658 in
1432 1627 1500 1659 loco
1516 1629 1628 1670 reponi

285 1689 417 1726 possunt
424 1683 480 1725 (6),
491 1684 575 1714 inter
586 1694 657 1726 quae
671 1682 840 1713 terebratio
853 1688 910 1721 est,
923 1693 994 1725 quae
1006 1694 1068 1713 non
1081 1681 1280 1713 solummodo
1294 1682 1341 1713 uti
1351 1681 1454 1724 Boyer
1464 1682 1627 1723 asseritC‘)

287 1737 325 1768 ad
341 1737 439 1769 fluida
461 1743 657 1770 extravasata
676 1736 863 1777 eximenda,
880 1736 933 1767 sed
951 1736 1126 1780 praesertim
1148 1735 1186 1766 ad
1203 1747 1268 1766 ossa
1288 1734 1469 1778 reponenda
1486 1734 1624 1778 prodest.

345 1849 389 1877 (1)
406 1848 482 1877 Petit,
501 1848 618 1871 maladies
636 1849 745 1880 chirurg.
758 1866 764 1877 ‚
786 1853 847 1871 tom.
865 1849 902 1870 II.
924 1847 1072 1878 Duverney,
1091 1848 1110 1870 l.
1128 1848 1163 1876 L,
1185 1853 1246 1871 tom.
1267 1849 1288 1870 1.
1310 1855 1367 1878 pag.
1386 1848 1443 1875 232,
1463 1851 1509 1869 etc.

346 1889 390 1916 (2)
408 1889 499 1918 Boyer,
520 1889 539 1911 l.
557 1889 593 1917 1.‚
613 1896 670 1919 pag.
689 1889 728 1916 65,
745 1888 806 1911 edit.
825 1887 1003 1910 Bruxeliensis.

346 1929 388 1957 (3)
406 1928 552 1958 lhwerney,
570 1929 687 1951 maladies
705 1928 745 1950 des
762 1935 801 1956 os,
819 1932 881 1950 tom.
903 1929 926 1951 1.
945 1936 1002 1959 pag.
1025 1929 1079 1955 254.

346 1968 390 1996 (4)
408 1968 500 1998 Boyer‚
520 1968 539 1990 1.
558 1969 577 1991 l.
591 1986 596 1996 ‚
616 1976 672 1999 pag.
692 1968 733 1996 66,
753 1968 833 1998 ejusd.
853 1968 915 1991 edit.

346 2008 390 2036 (5)
407 2008 554 2038 Duveruey,
572 2009 592 2031 l.
610 2009 646 2037 1.,
667 2013 729 2031 tom.
748 2010 771 2031 1.
794 2016 850 2040 pag.
873 2009 927 2031 254.

347 2049 390 2077 (6)
407 2048 484 2077 Petit,
502 2049 522 2071 1.
543 2049 579 2078 1.,
600 2054 660 2072 tom.
680 2051 717 2072 11.
736 2057 793 2080 pag.
811 2058 851 2079 79.
874 2049 1019 2080 Dmerney,
1038 2049 1058 2072 l.
1078 2049 1115 2078 l.‚
1136 2053 1196 2072 tom.
1218 2050 1239 2071 1.
1263 2055 1320 2079 pag.
1341 2049 1395 2077 237.

345 2090 389 2118 (7)
405 2089 523 2112 Maladies
539 2089 665 2121 chirurg.,
686 2094 747 2112 tom.
767 2091 803 2112 11.
828 2097 885 2121 pag.
904 2089 944 2112 66.
