1747 2620
685 283 820 326 (117)

83 355 288 388 Hebenstreit
306 356 430 400 profert
447 355 640 399 pulmonum
663 355 888 396 substantiam,
910 358 983 400 quia
1006 359 1116 390 sensus
1139 361 1288 403 exquisiti
1309 373 1421 405 expers

84 416 147 451 est,
170 409 258 442 haud
276 410 370 441 facile
391 409 600 450 inflammari3
619 409 674 441 illa
691 415 800 441 tamen
818 411 913 443 vitari
935 413 1049 455 nequit
1069 413 1094 444 si
1116 425 1231 456 corpus
1252 408 1422 458 heteroge-

82 464 175 495 nium
196 463 404 507 pulmonibus
419 463 571 504 inhaeret,
591 463 653 495 hoc
670 464 757 495 enim
778 464 955 496 inevitabili
971 468 1202 510 suppuratione
1222 474 1310 500 extra
1331 481 1425 511 orga-

82 519 224 549 nismum
254 523 301 549 est
327 517 573 561 propellendum
600 517 658 560 (1).
691 518 777 549 Dum
810 517 929 562 absque
958 520 1027 551 ullo
1059 532 1191 564 corpore
1218 522 1424 565 heterogenio

83 577 154 614 post
173 570 293 604 vulnus
310 573 498 614 suppuratio
514 571 707 615 pulmonum
728 571 888 611 oboritur,
906 584 943 604 eo
964 573 996 605 id
1019 574 1110 618 pejus
1131 587 1225 607 omen
1245 576 1424 619 portendit,

83 636 148 668 quo
164 624 316 669 majorem
332 625 366 656 in
383 625 545 669 plitliysim
562 626 806 669 propensionem
825 625 941 658 habeat
959 629 1119 660 sauciatus
1133 629 1191 672 (2).
1214 629 1425 662 inflammatio

82 684 187 721 potest
213 679 310 710 etiam
338 679 532 722 pulmonum
557 679 822 722 hepatisationem
848 681 1119 725 sphacelumque,
1150 683 1316 726 (quamvis
1344 684 1425 716 illud

81 733 283 776 potissimum
301 739 372 776 post
390 744 502 777 graves
517 733 719 765 contusiones
733 734 870 776 pectoris
887 735 1052 777 eveniat),
1069 736 1247 779 producere
1263 738 1323 780 (3),
1340 738 1426 781 quod

82 787 257 829 pessimum
270 810 279 827 ,
300 787 496 830 omninoque
514 786 633 818 lethale
648 792 712 818 est:
735 788 786 818 isti
807 793 917 819 tamen
936 800 1041 829 casus,
1064 801 1167 832 quum
1190 791 1393 834 dependeant
1409 804 1425 823 a

83 841 212 884 propria
234 841 367 873 sauciati
389 841 633 880 constitutione,
655 841 789 873 rariores
809 848 895 874 sunt.
922 843 1043 875 Omnes
1062 844 1255 887 pulmonum
1273 847 1427 877 sectiones

82 900 154 937 post
173 895 325 937 praeviam
346 894 629 926 inflammationem
647 902 875 927 concrescunt:
899 902 944 928 tot
966 903 998 928 et
1019 904 1105 930 tanta
1126 900 1272 943 exempla
1289 900 1426 944 hujusce

82 949 131 980 rei
148 955 307 992 prostant,
327 955 365 981 ut
385 949 502 981 inutile
517 950 648 980 omnino
670 949 818 981 duxerim
839 950 1074 984 observationes
1090 952 1142 984 hic
1163 954 1301 995 referre,
1324 966 1427 998 quum

81 1002 162 1043 illae,
189 1014 268 1046 quas
289 1003 386 1046 paulo
407 1014 503 1047 supra
525 1003 638 1043 citavi,
660 1002 852 1035 sufficientes
873 1011 962 1036 certe
986 1005 1059 1036 sint.

127 1057 216 1096 Quid
237 1057 349 1101 judicii
366 1058 538 1089 ferendum
555 1063 603 1089 est
621 1058 704 1089 circa
720 1057 839 1090 vulnus
855 1058 890 1089 in
905 1069 968 1101 quo
985 1070 1100 1102 corpus
1116 1066 1306 1092 extraneum
1326 1053 1426 1093 latei?

83 1110 263 1142 Auctorum
296 1112 454 1143 sententia
478 1111 539 1143 hac
564 1111 606 1142 de
632 1121 668 1142 re
696 1110 741 1141 sic
770 1116 879 1142 sonat:
910 1122 1012 1154 quum
1045 1113 1194 1155 globulus
1222 1114 1428 1156 sclopetarius

83 1163 213 1196 aliudve
240 1175 355 1207 corpus
384 1170 576 1196 extraneum
603 1175 621 1195 a
645 1163 782 1196 vulnere
812 1164 1020 1207 pulmonibus
1044 1166 1205 1207 inhaeret,
1233 1168 1314 1199 illud
1342 1175 1428 1200 certe

84 1218 268 1262 gravissima
289 1224 336 1249 est
358 1218 573 1261 complicatio,
596 1217 654 1249 sed
673 1218 761 1249 haud
781 1229 922 1261 semper,
949 1220 1000 1263 uti
1019 1219 1119 1263 aliqui
1144 1227 1289 1253 auctores
1315 1222 1429 1255 volunt

81 1272 261 1304 sauciatum
283 1283 380 1303 suum
407 1272 447 1303 ad
469 1284 581 1303 orcum
607 1271 765 1312 demittit3
797 1272 945 1315 exempla
972 1279 1116 1316 perstant
1143 1274 1330 1315 hominum,
1350 1277 1427 1319 qui,

83 1331 252 1369 postquam
272 1331 387 1369 pectus
406 1325 522 1369 glande
546 1326 735 1369 scl‘opetarifi
754 1326 934 1369 perfossum
952 1327 1145 1370 habuerint,
1170 1329 1255 1361 hanc
1275 1337 1429 1374 expecto—

81 1385 254 1413 raverunt:
279 1379 392 1423 globus
411 1380 475 1412 fuit
495 1387 641 1424 repertus
662 1381 698 1412 in
718 1381 873 1424 pulmone
889 1382 1015 1414 sinistro
1038 1383 1114 1423 viri,
1136 1384 1193 1427 qui
1216 1390 1287 1427 post
1308 1384 1427 1417 vulnus

83 1439 254 1477 acceptum
269 1444 328 1476 per
339 1434 454 1476 viginti
469 1445 569 1466 annos
580 1435 677 1467 vitam
690 1437 847 1479 integram
863 1442 1000 1479 gesserat
1012 1443 1021 1467 ε’
1035 1437 1180 1469 Bohnius
1192 1437 1371 1471 observavit
1381 1439 1429 1481 (4)

84 1487 249 1519 hominem
264 1488 317 1519 cui
333 1493 407 1519 ante
423 1499 465 1519 xx
481 1500 580 1520 annos
595 1489 730 1532 sclopeti-
742 1490 826 1521 ictus
837 1490 977 1522 inflictus
992 1491 1116 1531 fuerat,
1136 1491 1257 1534 globuli
1276 1492 1426 1535 plurimi,

85 1541 147 1584 pisi
160 1541 415 1584 magnitudinem
430 1548 608 1585 aequantes‚
624 1544 823 1584 summitates
838 1545 975 1588 pectoris
990 1545 1247 1588 perforaverant:
1263 1557 1302 1577 ex
1318 1558 1430 1590 symp—

85 1595 257 1628 tomatibus
267 1597 441 1639 perspectis
456 1597 612 1629 conclusit
622 1598 768 1631 Bohnius
778 1598 910 1642 granula
925 1599 1017 1642 plura
1029 1599 1198 1642 pulmones
1212 1600 1360 1641 subiisse,
1372 1612 1430 1632 su-

85 1654 208 1692 perstes
218 1648 428 1681 nihilominus
439 1651 597 1683 sauciatus
609 1653 724 1684 mansit
737 1664 812 1685 cum
823 1653 998 1685 raucedine
1012 1660 1044 1685 et
1054 1654 1215 1686 anhelitus
1230 1654 1428 1687 difficultate.

85 1703 157 1746 Ipse
175 1714 235 1747 ego
256 1704 333 1737 novi
355 1705 461 1737 virum
483 1705 645 1748 quondam
668 1707 702 1738 in
723 1707 875 1750 Hispania
895 1709 1073 1740 sauciatum
1094 1709 1129 1739 in
1151 1714 1280 1752 pectore
1297 1709 1429 1752 globulo

85 1756 290 1800 sclopetari0‚
319 1757 413 1802 cujus
440 1760 594 1791 extractio
614 1762 721 1793 nescio
742 1772 840 1805 quam
867 1761 910 1793 ob
933 1774 1077 1803 causam,
1099 1762 1178 1803 fuit,
1201 1763 1363 1805 neglecta,
1390 1763 1428 1794 ad

85 1811 175 1844 hunc
200 1818 310 1844 tamen
334 1814 413 1846 vivit
439 1813 542 1855 diem,
564 1816 619 1848 sed
643 1804 833 1861 haenioptysi
856 1817 896 1848 de
917 1823 1061 1860 tempore
1081 1817 1115 1847 in
1141 1822 1269 1859 tempus
1294 1816 1426 1848 laborat.

86 1866 122 1898 Si-
139 1868 279 1910 corporis
294 1867 495 1912 heterogenii
515 1869 645 1903 eductio
658 1872 806 1917 neglecta
826 1872 907 1913 fuit,
925 1883 1053 1915 semper
1068 1876 1101 1902 et
1115 1872 1290 1903 necessario
1306 1871 1430 1915 aliquid

149 1980 182 2010 (ι)
199 1979 321 2004 Videatur
337 1981 411 2012 paulo
430 1982 509 2012 iufra,
529 1984 575 2007 ubi*
591 1984 620 2008 de
638 1985 779 2017 corporibus
795 1986 917 2010 extraneis
936 1986 1031 2018 agitur*

150 2020 182 2049 (2)
201 2020 330 2044 Dictionn.
350 2022 391 2045 des
411 2023 514 2046 scieuces
533 2024 617 2054 meld„
634 2031 683 2050 art.
702 2027 820 2050 hlessure.

150 2061 183 2090 (3)
201 2060 266 2084 lbid.
277 2079 283 2090 ‚
440 2062 503 2087 ibid.
513 2081 520 2093 ,
675 2067 739 2091 ibid..

150 2101 183 2131 (4)
200 2100 236 2124 De
251 2109 371 2132 renunc„
391 2102 405 2125 a
420 2110 479 2135 pag.
500 2104 636 2136 261-269,
