1747 2620
723 203 838 245 (25)

154 282 214 314 Cui
230 280 350 325 regulas
365 278 454 311 nulla
475 277 579 321 Belgii
594 277 666 320 lege
686 276 836 320 positiva,
850 287 957 320 neque
974 276 1080 320 quoad
1099 287 1147 308 res
1162 276 1293 309 mobiles
1305 279 1344 310 ad
1364 291 1451 311 mer-

110 343 253 369 caturam
276 335 490 380 pertinenteS,
514 332 702 375 derogatum
724 337 781 363 est.

154 433 194 464 V.
233 432 280 463 Ut
305 443 378 464 vera
400 436 569 474 praestetur
592 429 751 460 extraneis
770 428 890 468 tutela,
916 427 1050 460 minime
1074 429 1190 460 sufficit
1212 429 1283 474 jura
1305 431 1450 462 omnium

108 489 231 532 privata
251 487 394 529 positivis
414 485 540 528 legibus
561 484 704 523 definiri,
723 494 836 515 verum
857 483 954 514 etiam
971 484 1166 525 requiritur,
1188 491 1226 515 ut
1247 484 1299 515 illa
1323 485 1367 515 sic
1392 485 1450 516 de-

110 542 198 574 finita
224 540 262 571 ab
288 540 375 571 omni
401 539 572 572 violatione
595 538 725 569 defensa
748 538 822 568 sint.
855 536 939 567 Hinc
959 536 1094 568 subditis
1114 537 1263 569 omnibus
1291 539 1326 569 in
1350 550 1450 580 regno

108 601 214 627 nostro
236 593 451 633 versantibus,
487 592 665 636 peregrinis
687 601 781 634 aeque
804 602 840 621 ac
861 590 1004 631 civibuS,
1030 590 1080 634 jus
1105 593 1259 635 competit
1281 594 1449 636 exigendi,

107 656 144 681 ut
161 648 284 693 jurium
308 648 452 679 laesiones
475 648 626 679 universe
651 645 881 689 impediantur.
913 645 1013 685 Quod
1041 657 1143 689 quum
1170 647 1297 679 lenibus
1321 649 1450 689 mediis,

106 702 198 735 velut
217 703 423 745 ingeniorum
444 701 552 741 cultu,
573 700 695 746 justitia
715 700 820 740 civili,
842 699 993 743 aliisque,
1012 699 1109 742 plene
1130 700 1211 731 effici
1228 708 1382 744 nequeat,
1406 704 1452 734 vis

108 763 141 789 et
159 757 279 788 coactio
301 755 481 787 adhibenda
502 761 565 795 est,
590 767 665 786 cum
686 755 834 799 physica,
857 761 928 786 tum
951 754 1094 795 moralis,
1117 761 1214 798 atque
1230 762 1339 787 contra
1362 757 1452 801 inju-⁴

106 812 184 850 rias,
206 817 271 842 tam
296 821 370 853 quae
394 809 545 842 adversus
568 808 703 852 BelgaS,
732 821 829 852 quam
855 820 928 852 quae
953 809 1105 841 adversus
1126 815 1294 842 extraneos
1323 811 1450 844 admitti

106 865 243 908 possint,
267 875 376 908 poenae
396 863 521 907 legibus
540 863 735 902 sanciendae,
757 863 796 894 de
813 863 977 894 maleficiis
998 863 1171 893 commissis
1186 863 1218 894 in
1236 863 1357 907 judicio
1374 877 1451 910 cog—

106 919 307 951 noscendum
331 925 363 949 et
385 918 618 956 decidendum,
645 923 677 947 et
700 917 867 948 sententiae
890 917 923 948 in
944 927 1014 947 reos
1036 916 1107 947 latae
1129 919 1342 960 exsequendae
1362 926 1449 952 sunt.

107 973 344 1003 Extraneorum
368 977 493 1010 autem,
519 970 653 1013 perinde
676 981 712 1001 ac
731 971 869 1009 civium,
891 969 942 1013 jus
960 970 1116 1000 beneficio
1136 970 1198 1000 fori
1219 973 1318 1002 nostri
1340 973 1452 1005 crimi—

108 1026 188 1057 nalis
208 1025 340 1065 utendi,
360 1037 399 1056 ex
419 1025 494 1067 ipsis
514 1024 639 1066 legibus
660 1023 841 1065 poenalibus
865 1024 979 1054 nostris
999 1024 1095 1054 etiam
1121 1023 1301 1067 colligitur,
1328 1028 1450 1070 quippe

107 1090 180 1121 quae
201 1078 316 1108 delicta
344 1078 494 1109 universe
515 1076 704 1119 prohibent,
736 1076 826 1108 nullo
850 1077 1055 1116 discrimine,
1083 1083 1194 1108 utrum
1219 1079 1252 1109 in
1275 1081 1380 1120 cives,
1410 1094 1451 1113 an

106 1136 215 1163 contra
239 1131 274 1161 in
292 1136 460 1161 extraneos
482 1130 547 1161 sint
567 1136 768 1173 perpetrata,
791 1137 904 1175 estque
925 1130 1007 1163 illud
1027 1131 1112 1162 inter
1137 1133 1300 1176 praecipua
1320 1135 1451 1178 publica

104 1184 306 1216 subditorum
329 1183 402 1228 jura
423 1184 691 1227 computandum.

148 1281 206 1312 VI.
239 1281 403 1320 Quoniam
427 1292 504 1312 vero
528 1281 626 1312 satius
655 1287 702 1312 est
725 1281 760 1313 in
786 1288 932 1326 tempore
960 1294 1146 1324 occurrere,
1177 1295 1296 1328 quam,
1322 1285 1451 1320 laesione

104 1335 251 1379 accepta,
278 1346 379 1366 seram
402 1335 576 1368 vindictam
600 1336 782 1377 intentare,
809 1337 848 1368 ad
873 1337 1102 1370 stabiliendum
1128 1339 1239 1371 tutelae
1264 1346 1297 1371 et
1321 1340 1452 1385 justitiae

105 1389 243 1433 publicae
265 1395 385 1421 statum
409 1390 541 1420 omnino
562 1401 691 1422 necesse
710 1397 773 1431 est,
802 1397 839 1422 ut
859 1392 1034 1435 imperium
1055 1392 1167 1433 civile,
1192 1393 1317 1438 jurium
1341 1397 1452 1439 priva-

105 1449 213 1475 torum
240 1443 384 1476 laesiones
404 1455 441 1475 ac
463 1445 692 1475 controversias
714 1444 839 1488 legibus
865 1446 1086 1490 institutisque
1110 1447 1233 1479 idoneis
1260 1458 1450 1492 praecaveat.

107 1498 191 1529 Hinc
211 1499 313 1530 oritur
336 1504 406 1530 tum
427 1499 546 1530 summi
571 1499 760 1542 imperantis
787 1500 937 1544 obligatio
957 1500 1119 1544 politiam,
1144 1513 1242 1545 quam
1265 1503 1394 1545 dicunt,
1417 1506 1452 1537 in

107 1562 206 1594 regno
233 1552 422 1592 exercendi,
449 1558 520 1583 tum
545 1553 691 1585 omnium
713 1555 747 1585 in
777 1566 814 1586 eo
837 1556 1051 1596 versantium,
1077 1556 1144 1589 sive
1166 1556 1359 1600 Belgarum,
1385 1560 1452 1592 sive

108 1611 350 1647 extraneorum,
372 1606 422 1650 jus
441 1606 480 1638 ad
499 1618 569 1638 eam
591 1609 791 1640 recurrendi.

151 1669 314 1712 Imperans
340 1676 450 1702 autem
476 1670 622 1714 politiam
656 1679 786 1705 exercet
812 1673 863 1707 vel
888 1675 927 1718 1)
955 1674 1053 1706 rebus
1076 1674 1280 1707 subditorum
1309 1676 1395 1708 inter
1419 1689 1452 1709 se

106 1713 238 1766 privatis
253 1724 514 1766 interveniendo,
526 1737 722 1770 omnemque
738 1727 887 1761 fraudem
901 1728 989 1760 abiis
1006 1730 1196 1770 avertendo,
1215 1730 1303 1762 unde
1319 1731 1448 1774 regula,

108 1777 201 1808 locas
225 1779 312 1821 regit
331 1786 464 1818 actum,
489 1782 587 1813 etiam
607 1793 626 1813 a
645 1782 824 1826 peregrinis
844 1783 879 1814 in
900 1783 1012 1827 Belgio
1029 1790 1134 1827 potest
1151 1784 1314 1825 invocari3
1339 1785 1391 1817 vel
1410 1786 1449 1828 2)

107 1829 288 1863 laesionibus
306 1833 340 1866 vi
357 1833 488 1878 physica
512 1836 727 1868 occurrendo:
754 1837 842 1869 unde
861 1849 928 1869 non
947 1837 1041 1870 modo
1063 1837 1136 1882 jure
1155 1837 1319 1880 postulant
1338 1845 1447 1871 extra-

106 1885 178 1925 nei,
209 1891 247 1917 ut
271 1886 398 1929 publica
422 1890 455 1922 vi
478 1896 511 1921 et
536 1890 720 1924 officialium
745 1892 951 1936 publicorum
976 1892 1097 1925 auxilio
1124 1898 1298 1936 tegantur,
1330 1905 1445 1927 verum

107 1939 221 1979 etiam,
243 1939 300 1972 ubi
319 1941 358 1973 ad
378 1941 435 1975 hos
454 1954 622 1977 recurrere
641 1957 706 1978 non
729 1952 878 1990 possunt,
904 1947 1124 1979 moderamine
1141 1947 1314 1992 inculpatae
1334 1948 1444 1981 tutelae

106 1998 257 2025 utuntur.
