1747 2620
877 289 888 332 <
913 289 955 330 44
980 290 991 332 )

265 364 420 408 null-<ique
441 365 600 396 foederum
620 375 693 395 cum
714 364 751 394 iis
770 363 922 394 initorum
945 362 1051 394 habita
1073 363 1211 404 ratione,
1233 364 1383 396 universe
1397 363 1519 395 habiles
1535 375 1601 395 esse

265 421 304 451 ad
326 420 465 451 dominia
491 419 647 463 cujusque
669 419 793 461 generis
818 418 851 448 in
878 417 986 460 Belgio
1009 423 1175 448 contractu
1196 428 1327 448 oneroso
1347 417 1544 460 adquirenda
1570 423 1602 449 et

265 473 517 505 transmittenda.
542 473 577 502 In
600 484 663 514 quo
685 472 842 502 extraneis
867 471 1086 512 concedendo,
1109 473 1285 515 generatim
1307 472 1468 503 liodiernae
1491 477 1601 515 gentes

265 528 416 571 majorem
437 529 469 558 111
488 539 539 558 eos
558 526 814 557 benevolentiam
835 525 1069 565 demonstrant,
1091 538 1187 569 quam
1204 526 1321 569 priscos
1339 526 1473 568 populos
1492 526 1601 557 fecisse

264 583 452 624 reperimus,
479 581 559 612 Nam
580 586 617 611 ut
641 580 716 610 alios
738 581 898 619 omittam,
922 580 1071 610 Romanis
1094 592 1168 611 cum
1193 581 1302 623 paucis
1326 580 1498 612 admodum
1521 591 1602 623 gen-

264 637 348 667 tibus
369 636 596 667 commercium
619 635 692 666 fuit.
716 634 810 677 Apud
828 633 997 665 hodiernos
1018 639 1125 665 autem
1147 634 1284 677 Europae
1304 634 1453 677 populos,
1475 634 1601 664 nonnisi

263 690 326 721 duo
353 690 578 732 reperiuntur,
605 689 660 731 qni
686 688 766 720 illud
790 688 966 731 peregrinis
990 699 1054 719 non
1082 687 1275 727 concedant,
1301 688 1396 731 Angli
1424 689 1546 720 scilicet
1570 695 1602 720 et
1627 708 1633 711 -

262 743 378 782 Sueci,
409 754 547 785 quorum
581 741 628 772 illi
657 742 754 772 etiam
782 741 1030 784 prohibitionem
1058 741 1141 773 hauc
1169 741 1324 785 peculiari
1351 742 1407 774 sua
1436 743 1601 785 regiminis

262 796 364 827 forma
388 796 556 827 fundatam
575 806 641 827 esse
661 795 871 827 contendunt.

306 904 397 934 XXI.
437 903 598 941 Quoniam
625 913 699 933 vero
724 902 856 942 suflicit,
882 902 968 944 leges
993 909 1128 942 nosti-zm,
1160 914 1231 946 quae
1255 902 1294 934 de
1316 903 1449 945 singulis
1474 902 1600 947 juribus

260 962 425 995 statuunt,
453 956 581 986 nullum
613 955 724 997 Belgas
753 956 837 986 inter
862 961 894 986 et
920 961 1086 986 extraneos
1114 956 1285 987 discrimen
1313 956 1471 995 stabilire,
1504 963 1541 988 ut
1565 957 1600 988 hi

260 1021 389 1053 quoque
413 1009 541 1040 illarum
563 1008 809 1051 applicationem
831 1008 902 1053 jure
928 1009 1048 1051 possint
1068 1009 1234 1047 invocare,
1256 1020 1453 1051 consequens
1474 1016 1537 1047 est,
1562 1017 1600 1041 ut

260 1064 421 1103 dicamus,
456 1069 641 1103 extraneos,
670 1064 821 1105 quoniam
851 1063 939 1094 null-21
971 1063 1043 1106 lege
1071 1061 1300 1105 prohibentur,
1333 1062 1428 1092 etiam
1461 1061 1602 1104 gaudere

259 1117 413 1148 facultate
433 1116 514 1148 bona
536 1128 592 1148 sua
616 1117 650 1148 in
671 1116 781 1160 Belgio
800 1117 843 1148 ita
865 1117 905 1147 ad
926 1116 1037 1160 Belgas
1058 1116 1109 1148 vel
1131 1122 1336 1155 testamenti),
1357 1115 1408 1148 vel
1431 1115 1602 1147 donatione

258 1173 343 1204 inter
362 1172 465 1211 vivos,
487 1171 539 1203 vel
559 1172 757 1202 successione
778 1170 818 1201 ab
839 1171 988 1202 intestato
1009 1169 1246 1201 transmittendi
1268 1170 1326 1212 (1).

303 1225 492 1264 Quinimmo
515 1224 596 1256 bona
620 1224 673 1255 illa
698 1224 811 1255 iisdem
839 1224 950 1255 tutelis
971 1224 1006 1254 111
1027 1224 1103 1255 alios
1127 1230 1295 1255 extraneos
1317 1223 1389 1267 jure
1412 1224 1599 1263 conferent,

258 1280 296 1311 iis
313 1279 436 1310 casibus
456 1285 488 1310 et
508 1278 610 1310 modis
630 1278 747 1321 quibus
763 1289 805 1309 ex
820 1277 950 1321 publico
967 1277 1090 1308 foedere
1108 1277 1236 1320 aliquod
1253 1277 1430 1309 dominium
1448 1278 1481 1307 in
1499 1278 1600 1320 patria

258 1332 315 1364 sua
334 1333 429 1364 situm
452 1332 490 1363 ab
511 1333 670 1363 extraneis
689 1331 766 1372 illis,
788 1331 821 1362 in
843 1343 923 1375 quos
941 1331 1023 1362 bona
1043 1330 1170 1375 Belgica
1190 1331 1434 1363 transmittenda
1453 1337 1547 1372 sunt,
1566 1333 1601 1363 in

257 1393 411 1418 nostrates
433 1399 506 1419 cum
529 1387 649 1418 effectu
670 1386 842 1417 transmitti
863 1392 978 1428 potest.

301 1441 396 1481 Quod
418 1441 457 1472 ad
484 1442 691 1484 capacitatem
722 1440 815 1472 titulo
847 1440 987 1482 gratuito
1016 1438 1207 1482 adquirendi
1232 1440 1392 1470 extraneis
1419 1450 1598 1469 concessam

258 1496 388 1534 attinet,
417 1496 568 1537 quoniam
591 1494 629 1525 de
652 1494 887 1525 transmissione
912 1493 1050 1537 gratuita
1073 1493 1229 1524 bonorum
1255 1492 1400 1523 extranei
1427 1492 1465 1522 ad
1492 1498 1600 1523 extra-

258 1559 358 1580 neum
382 1547 537 1586 diximus,
564 1554 660 1579 restat
688 1554 726 1580 ut
750 1547 915 1580 videamus
940 1546 979 1579 de
1003 1546 1239 1579 transmissione
1264 1545 1397 1576 dominii
1426 1545 1598 1588 Belgarum

259 1601 299 1633 ad
320 1602 520 1644 peregrinos:
552 1602 613 1644 qua
636 1602 675 1633 de
701 1613 737 1633 re
763 1602 894 1633 omnino
919 1601 1004 1633 idem
1029 1600 1236 1632 statuendum
1257 1606 1319 1639 est,
1345 1605 1513 1630 extraneos
1534 1611 1599 1631 non

259 1666 348 1698 posse
373 1655 458 1697 apud
481 1667 536 1686 nos
558 1655 652 1687 titulo
676 1655 888 1695 hereditario,
915 1661 971 1687 aut
995 1655 1165 1686 donatione
1190 1654 1274 1684 inter
1296 1654 1385 1686 vivos
1408 1659 1464 1684 aut
1489 1654 1599 1684 mortis

260 1709 352 1741 causa
370 1709 544 1752 quidquam
563 1722 577 1740 a
591 1709 695 1752 Belgis
711 1709 897 1752 adquirere,
914 1709 974 1740 11151
990 1720 1026 1740 eo
1041 1720 1116 1739 casu
1131 1714 1163 1739 et
1179 1707 1271 1738 modo
1287 1706 1405 1749 quibus
1419 1717 1458 1737 ex
1475 1706 1597 1737 foedere

258 1762 402 1805 publico,
433 1763 533 1793 iidem
558 1764 710 1794 extranei
740 1764 771 1794 in
800 1763 899 1805 patria
926 1763 983 1794 sua
1009 1763 1042 1793 in
1073 1762 1183 1805 Belgas
1209 1760 1330 1803 aliquid
1356 1759 1468 1790 iisdem
1496 1759 1597 1790 titulis

259 1816 404 1847 conferre
424 1822 554 1859 queant.
581 1816 736 1857 (Merkin,
758 1817 860 1857 Re'p„
886 1823 932 1847 νο.
954 1815 1157 1855 Succession,
1179 1815 1262 1845 Seet.
1279 1814 1308 1854 I,
1325 1813 1340 1855 ᾗ
1356 1814 1400 1852 11,
1420 1819 1479 1844 art.
1497 1813 1552 1855 4.)

303 1870 367 1900 Ubi
383 1877 490 1901 autem
510 1870 641 1901 eosdem
657 1876 831 1901 extraneos
857 1870 1009 1908 dicimus,
1026 1870 1237 1912 intelligimus
1251 1880 1316 1900 non
1334 1867 1426 1899 modo
1446 1867 1597 1909 ejusdem

257 1925 368 1967 gentis
388 1926 616 1967 alienigenas,
643 1936 757 1957 verum
782 1925 912 1956 omnino
941 1924 1066 1955 easdem
1091 1934 1239 1967 personas
1265 1923 1330 1955 sive
1355 1922 1536 1955 individuos
1557 1921 1596 1953 de

259 1989 397 2020 quorum
418 1977 581 2009 habilitate
602 1978 640 2009 ad
661 1978 897 2020 adquirendum
918 1979 1083 2021 quaeritur.
1110 1978 1147 2009 In
1169 1987 1305 2020 eamque
1326 1982 1467 2007 mentem
1488 1975 1596 2018 expli-

303 2089 346 2116 (1)
364 2088 390 2110 P.
410 2088 439 2110 A.
456 2088 557 2117 Qniuet,
577 2088 670 2111 Comm.
689 2096 729 2111 sur
746 2089 778 2110 les
791 2090 819 2112 53
835 2090 952 2119 premiers
967 2094 1014 2113 art.
1036 2089 1069 2112 du
1087 2089 1150 2112 code
1167 2088 1243 2112 civit.
1269 2088 1365 2115 Brux.,
1388 2087 1454 2110 1818.
1476 2093 1532 2118 pag.
1554 2085 1594 2109 180

258 2129 270 2150 a
288 2129 339 2151 138,
360 2128 461 2157 merliu,
479 2129 559 2159 Belin,
578 2135 616 2152 νῦ.
641 2129 717 2151 Gaius
732 2130 868 2160 nupti-iux,
888 2131 975 2160 9X11.
