1747 2620
929 263 940 305 (
965 264 1006 293 12
1030 263 1042 304 )

319 338 433 381 spinali
463 345 546 370 trans
578 339 734 370 foramina
768 337 954 381 conjugata,
985 342 1019 367 et
1043 336 1196 368 musculis
1223 337 1359 380 regionis
1385 337 1514 370 dorsalis
1544 350 1646 371 ramos

321 395 440 426 directe
461 392 658 435 suppeditat,
682 391 761 422 alter
780 391 1000 422 bifurcationis
1020 402 1126 421 ramus
1141 390 1284 422 medium
1298 391 1498 423 intercostale
1510 393 1649 435 spatium

319 458 509 491 percurrens
531 457 602 477 mox
624 446 657 476 in
679 445 758 476 duos
783 455 884 474 ramos
904 443 1078 483 dividitur,
1100 455 1238 485 quorum
1258 445 1391 480 inferior
1412 445 1503 489 juxta
1527 447 1647 489 margi-

321 513 394 532 nem
414 500 610 542 superiorem
635 503 726 529 costae
750 496 835 527 infra
862 496 928 526 sitae
947 495 1165 538 progreditur,
1187 496 1264 528 dum
1283 498 1428 539 superior
1451 498 1540 540 juxta
1560 510 1648 530 mar-

320 556 426 598 ginem
448 553 632 584 inferiorem
648 556 739 582 costae
756 561 850 592 supra
866 549 932 580 sitae
951 548 1112 589 decurrit3
1134 550 1243 592 sicque
1262 550 1302 581 ad
1321 556 1464 582 sternum
1481 551 1558 582 dum
1573 562 1649 594 per-

319 612 480 639 venerunt
499 605 551 638 vel
568 616 642 636 cum
665 604 787 635 arteriis
811 602 1064 634 intercostalibus
1084 602 1190 634 lateris
1206 605 1340 647 oppositi
1361 605 1413 638 vel
1434 617 1507 637 cum
1524 617 1649 638 ramus-

321 661 401 693 culis
424 660 618 692 mammariae
643 659 777 689 internae
797 662 1080 688 anastomosantur.

364 716 441 745 Post
455 714 583 745 arterias
598 710 813 743 intercostales
829 709 1022 742 observanda
1038 709 1126 742 venit
1141 709 1273 741 directio
1288 712 1482 743 mammariae
1499 713 1648 752 internae,

322 779 395 811 quae
417 779 433 799 a
461 772 550 810 parte
573 765 730 808 superiori
758 764 882 795 arteriae
913 762 1090 795 subclaveae
1119 768 1191 794 nata
1217 763 1251 794 in
1277 764 1452 796 Thoracem
1488 765 1651 809 immergit

321 832 420 864 prope
448 819 632 851 musculum
657 818 820 849 scalenum
844 817 1056 855 anteriorem,
1083 822 1168 848 retro
1195 817 1395 860 cartilagines
1420 818 1550 849 costales
1577 818 1650 850 des-

321 875 445 912 cendit,
462 874 537 905 dum
554 872 593 904 ad
608 871 815 915 appendicem
833 870 1045 913 xyphoideam
1060 869 1174 901 bifarie
1189 870 1358 910 dividitur3
1376 872 1409 901 in
1425 871 1522 902 hocce
1536 872 1651 903 itinere

321 928 456 969 largitur
475 926 694 957 mediastinam
715 924 920 961 anteriorem,
944 922 1092 952 arteriam
1117 922 1419 965 diaphragmaticam
1438 925 1649 966 superiorem,

322 993 394 1023 quae
416 979 557 1024 ejusdem
583 978 721 1010 nominis
741 987 879 1009 nervum
901 975 1136 1014 concomitans,
1162 975 1255 1005 faciei
1280 976 1528 1019 diaphragmatis
1552 988 1651 1020 supe—

322 1034 399 1065 riori
429 1032 649 1072 distribuitur,
679 1042 782 1062 ramos
807 1030 946 1060 demittit
966 1034 1122 1071 praeterea
1146 1034 1311 1068 externos,
1340 1030 1397 1071 qui
1426 1029 1466 1060 ad
1491 1030 1650 1062 musculos

321 1087 536 1119 inter-costales
557 1092 713 1129 vergunt,
744 1091 776 1115 et
796 1083 876 1115 rami
896 1088 971 1113 sunt
990 1081 1129 1124 denique
1152 1081 1292 1121 interni,
1316 1083 1373 1124 qui
1394 1083 1554 1114 musculos
1577 1084 1652 1115 istos

321 1141 520 1184 perforantes
540 1139 659 1183 majori*
675 1136 826 1181 pectorali
849 1134 1026 1178 majorique
1047 1133 1223 1164 abdominis
1247 1133 1377 1176 obliquo
1401 1134 1650 1167 distribuuntur.

366 1193 580 1236 Diaphragma
601 1197 757 1234 praeterea
774 1189 890 1232 accipit
911 1187 987 1219 alios
1008 1187 1098 1218 binos
1113 1198 1216 1218 ramos
1234 1187 1398 1218 arteriosos
1419 1187 1535 1221 faciem
1554 1189 1653 1232 ipsius

323 1247 507 1278 inferiorem
532 1249 751 1287 perreptantes
774 1249 806 1273 et
830 1242 950 1272 directe
977 1241 1016 1272 ab
1041 1240 1155 1272 arteria
1185 1240 1271 1271 abrta
1298 1241 1553 1283 proficiscenteS,
1588 1242 1653 1274 duo

321 1306 396 1330 sunt
417 1299 541 1329 sinister
566 1308 666 1335 unus,
693 1296 772 1326 alter
797 1295 919 1326 dexter.

368 1353 423 1383 Hae
446 1351 606 1394 principes
629 1355 704 1380 sunt
726 1349 849 1379 arteriae
872 1347 1039 1378 Thoracici
1064 1347 1132 1379 cavi
1155 1347 1359 1379 involucrum
1380 1348 1575 1388 nutrientes,
1599 1348 1654 1380 sed

322 1412 436 1448 praeter
457 1416 508 1435 eas
527 1402 744 1446 superficiales
767 1402 913 1445 quaedam
936 1406 1025 1439 sunt,
1049 1412 1121 1443 quae
1143 1412 1230 1431 nunc
1252 1401 1362 1432 ordine
1386 1407 1577 1443 sequuntur.

367 1457 567 1496 AcromialiS,
597 1468 668 1499 quae
701 1461 819 1498 praeter
848 1465 951 1485 ramos
981 1454 1134 1496 quosdam
1162 1454 1279 1497 quibus
1305 1455 1447 1485 nutritur
1475 1455 1654 1487 deltoi'deus

323 1500 508 1549 musculus,
543 1510 665 1552 aliquot
693 1508 890 1540 ramusculos
917 1507 1068 1550 pectorali
1097 1506 1208 1551 majori
1239 1507 1432 1549 suppeditat.
1482 1508 1653 1540 Thoracica

327 1564 482 1605 wnperior,
511 1574 583 1606 quae
608 1575 624 1593 a
649 1568 739 1605 parte
762 1563 911 1593 anteriori
937 1562 1059 1592 arteriae
1082 1561 1220 1592 axillaris
1241 1561 1391 1600 oriunda,
1419 1560 1589 1603 obliquiter
1614 1561 1654 1592 ad

324 1617 478 1647 austeriora
492 1616 655 1647 descendit
672 1617 754 1647 inter
772 1616 925 1659 majorem
941 1621 973 1645 et
990 1615 1144 1645 minorem
1159 1614 1367 1657 pectoralem,
1380 1614 1497 1656 quibus
1514 1614 1654 1646 multum

326 1670 486 1712 ¹*anguinis
507 1670 701 1712 impertitur.
730 1669 948 1700 Mammariam
969 1668 1085 1699 deinde
1110 1674 1274 1699 externam
1297 1668 1347 1699 vel
1372 1668 1578 1699 Thoracicam
1601 1669 1654 1699 in-

327 1725 473 1754 teriorem
495 1723 666 1754 notandam
687 1722 857 1761 habemus,
879 1733 950 1764 quae
971 1721 1010 1752 ab
1030 1721 1153 1752 axillari
1175 1722 1271 1752 etiam
1289 1721 1479 1763 proveniens
1497 1721 1653 1752 anteriora

326 1788 433 1808 uersus
454 1776 671 1819 progreditur,
691 1776 779 1820 juxta
797 1777 973 1818 marginem
994 1775 1179 1806 inferiorem
1201 1774 1327 1817 majoris
1348 1774 1530 1816 pectoralis,
1548 1774 1601 1805 cui
1623 1781 1655 1805 et

328 1830 478 1861 musculis
503 1830 631 1861 dentato
656 1829 767 1874 majori
794 1829 1132 1871 inter-costalibusque,
1164 1827 1411 1869 integumentis,
1445 1827 1653 1869 mammisque

328 1895 429 1914 ramos
453 1883 622 1915 distribuit.
654 1883 702 1914 Ad
724 1889 846 1926 partem
871 1884 977 1914 trunci
997 1883 1201 1925 posteriorem
1226 1882 1258 1911 in
1280 1880 1385 1911 obvias
1412 1886 1580 1923 sequentes
1601 1882 1655 1911 in-

330 1938 464 1968 cidimus
485 1939 629 1968 arterias:
655 1938 851 1980 scapularem
873 1938 1093 1980 posteriorem,
1115 1947 1185 1978 quae
1207 1947 1222 1965 a
1244 1934 1411 1965 subclareii
1433 1934 1652 1976 proficiscens,

331 1996 418 2031 Juxta
449 1991 625 2032 marginem
650 1992 854 2033 posteriorem
885 1990 1020 2033 scapulae
1044 1989 1205 2020 descendit
1234 1994 1266 2018 et
1292 2000 1393 2019 ramos
1424 1988 1476 2019 dat
1502 1988 1653 2019 musculis

332 2042 553 2082 rhomboideo,
593 2044 827 2086 trapeziformi,
865 2043 976 2088 majori
1009 2044 1157 2082 dentato,
1194 2042 1309 2072 minori
1346 2041 1487 2085 ejusdem
1517 2041 1654 2073 nominis
