1747 2620
904 281 1017 324 (56)

292 371 330 392 ex
350 357 507 390 sententia
531 357 645 401 judicis
666 356 724 388 sibi
745 355 848 388 ablata
871 366 982 387 rursus
1006 354 1228 398 adipiscuntur
1253 356 1286 387 in
1307 357 1470 398 integrum
1497 354 1630 386 restitu—

293 416 395 454 tione,
422 415 488 446 sive
508 412 575 455 ipsa
595 412 674 454 legis
693 411 726 444 vi
751 411 833 454 (art.
853 410 906 441 30.
928 409 961 440 C.
985 409 1092 451 Cim),
1115 410 1181 441 sive
1206 421 1244 441 ex
1268 410 1383 454 judicis
1403 409 1579 448 sententia,
1605 409 1631 440 si

293 469 450 500 bonorum
473 467 669 506 decoctores,
698 476 793 496 omne
818 475 858 495 aes
878 463 1020 494 alienum
1046 463 1276 506 persolverint,
1306 470 1364 495 aut
1389 464 1414 495 si
1435 463 1474 495 ad
1500 474 1631 506 poenam

294 523 473 554 afflictivam
497 520 547 553 vel
569 520 779 551 infamantem
802 517 961 556 damnati,
986 528 1113 559 poenam
1138 518 1276 558 luerint,
1300 519 1367 550 sive
1388 518 1529 560 denique
1549 518 1632 559 regis

295 577 394 621 gratia
415 582 447 607 et
467 575 665 607 auctoritate.
688 572 839 604 Extranei
858 576 966 602 autem
992 571 1154 613 quondam
1178 572 1288 604 incolae
1309 573 1351 603 ita
1373 571 1505 603 demum
1526 571 1631 602 civilia

294 634 364 677 jura
385 635 591 673 recuperant,
612 629 637 659 si
655 627 705 659 vel
720 628 754 658 in
771 627 950 669 integrum,
975 625 1075 656 modis
1095 627 1200 657 statim
1218 627 1382 670 expositiS,
1399 627 1523 658 suerint
1538 626 1631 657 resti-

294 688 374 726 tuti,
394 685 444 718 vel
463 695 578 717 novam
598 695 615 714 a
636 693 710 726 rege
727 681 853 714 veniam
873 680 1071 712 domicilium
1093 680 1125 711 in
1145 680 1259 724 Belgio
1280 681 1399 724 figendi
1420 681 1629 713 obtinuerint.

801 767 1126 799 CONCLUSIO.

339 848 384 878 Ita
404 844 561 888 exposita,
583 849 679 886 prout
700 843 781 874 vires
802 849 994 885 tempusque
1016 841 1178 881 serebant,
1200 842 1344 873 doctrina
1368 842 1407 874 de
1429 841 1553 887 juribus
1574 853 1633 874 ex-

296 908 479 933 traneorum
500 900 533 929 in
554 897 683 939 Belgio,
705 908 785 938 opus
806 896 1065 927 concludendum
1088 902 1144 926 est.

340 955 459 986 Mirum
482 953 610 982 fortasse
631 949 808 987 videbitur,
827 950 931 979 nullas
947 950 1014 979 fere
1036 961 1087 980 me
1107 949 1340 991 philosophicas
1360 949 1399 980 ad
1417 949 1467 993 jus
1489 957 1633 982 nostrum

297 1007 562 1040 considerationes
582 1003 765 1041 adduxisse,
789 1013 919 1040 verum,
940 1003 1113 1044 quominus
1135 1012 1186 1032 eas
1206 1003 1414 1043 attingerem,
1437 1009 1506 1034 tum
1534 1015 1636 1045 pecu—

296 1061 427 1094 liaribus
448 1070 556 1091 rerum
574 1055 809 1088 conditionibus
832 1055 1006 1098 impeditus
1025 1055 1072 1086 fui
1097 1055 1193 1097 (quae
1214 1055 1310 1085 etiam
1329 1055 1568 1096 prohibuerunt
1595 1065 1636 1086 ne

298 1117 405 1161 plures
431 1113 528 1158 hujus
557 1111 698 1143 materiae
727 1116 832 1153 partes
861 1108 999 1152 amplius
1029 1109 1265 1151 exponerem),
1293 1114 1362 1140 tun]
1389 1108 1562 1140 absterruit
1586 1119 1638 1140 me

297 1168 489 1203 verecundia
505 1166 668 1210 quaedam,
690 1175 732 1196 ne
753 1164 960 1196 temerarium
982 1169 1015 1195 et
1032 1162 1251 1194 inconsultum
1271 1162 1450 1202 videretur,
1474 1174 1524 1193 me
1542 1162 1638 1207 juve-

296 1236 371 1256 nem
393 1233 497 1265 nuper
521 1219 560 1251 ad
584 1219 651 1250 haec
675 1218 779 1250 studia
804 1217 994 1256 admissum,
1020 1216 1083 1260 jam
1102 1217 1135 1248 id
1156 1223 1297 1257 tentare,
1324 1217 1411 1259 quod
1431 1217 1638 1259 peritissimos

298 1276 499 1322 philosophos
523 1285 558 1305 ac
581 1272 815 1318 jureconsultos
835 1272 941 1303 tenuit
965 1270 1124 1301 sollicitos.
1158 1271 1283 1302 Deinde
1308 1270 1392 1302 hanc
1412 1282 1501 1314 spem
1527 1271 1638 1303 fovere

298 1342 362 1362 non
378 1330 471 1368 desii,
493 1326 754 1359 aesmmatissimis
772 1324 908 1369 hujusce
925 1324 1076 1368 juvenilis
1095 1324 1241 1367 opusculi
1259 1324 1421 1368 judicibus
1439 1325 1638 1356 satisfactum

297 1385 353 1424 iri,
374 1395 432 1427 pro
451 1382 507 1413 sua
524 1380 650 1424 cognita
671 1385 767 1422 atque
783 1378 948 1422 perspecta
966 1377 1206 1418 benevolentia,
1227 1379 1321 1410 modo
1338 1379 1376 1410 iis
1394 1380 1551 1422 integram
1566 1390 1638 1410 sus-

298 1442 397 1481 ceptae
413 1435 552 1467 materiae
566 1433 832 1472 delineationem,
851 1431 909 1462 etsi
925 1431 1022 1462 nullis
1038 1433 1234 1463 ornamentis
1248 1433 1446 1463 eminentem
1464 1432 1637 1474 proferam.

298 1491 447 1534 Denique
474 1489 506 1521 id
528 1499 655 1531 semper
678 1487 718 1518 ob
741 1486 849 1518 oculos
870 1484 1072 1525 versabatur,
1099 1485 1186 1528 quod
1207 1497 1336 1517 omnem
1361 1486 1430 1517 sere
1452 1485 1640 1529 hujusmodi

300 1544 584 1576 considerationem
608 1540 817 1579 excludebat,
840 1539 961 1570 scilicet
981 1540 1014 1569 in
1034 1539 1136 1582 patria
1160 1540 1265 1571 nostra
1287 1551 1323 1571 ea
1345 1542 1455 1583 vigere
1476 1540 1639 1581 instituta,

300 1609 372 1642 quae
388 1597 485 1637 forte,
502 1598 527 1628 si
543 1595 664 1639 ubique
680 1595 826 1638 gentium
842 1599 970 1637 recepta
987 1594 1110 1634 forent,
1130 1594 1229 1635 illud,
1243 1595 1356 1637 optimi
1376 1594 1535 1638 cujusque
1549 1595 1641 1638 quasi

301 1652 478 1691 somnium,
508 1662 626 1694 nempe
650 1650 700 1695 jus
724 1648 997 1693 cosmopoliticum
1025 1654 1058 1679 et
1084 1659 1195 1691 pacem
1218 1654 1426 1692 perpetuam,
1451 1648 1490 1680 ad
1516 1660 1583 1680 rem
1607 1655 1640 1680 et

301 1706 453 1738 effectum
473 1705 650 1748 perducere
670 1704 824 1737 valerent.

347 1760 462 1802 Igitur,
476 1760 620 1802 quamvis
637 1758 804 1791 consilium
819 1758 938 1801 agitare
954 1758 1119 1801 coepissem
1136 1756 1372 1796 addendarum,
1389 1757 1422 1788 in
1438 1756 1522 1788 hanc
1539 1767 1641 1799 expo-

302 1814 448 1845 sitionem
456 1837 464 1853 ‚
474 1812 730 1846 observationum
742 1813 864 1856 aliquot
873 1824 912 1844 ex
924 1812 1003 1856 juris
1014 1813 1141 1855 positivi
1152 1811 1353 1855 philosophia
1363 1811 1639 1854 depromptarum,

303 1868 343 1900 ab
358 1867 412 1899 illo
427 1868 587 1908 instituto,
603 1879 668 1900 non
685 1868 778 1899 modo
793 1867 988 1907 retardatus,
1000 1878 1115 1899 verum
1127 1867 1222 1897 etiam
1235 1865 1365 1896 omnino
1377 1864 1564 1896 absterritus
1578 1864 1639 1895 fui.

348 1921 552 1965 Quapropter
564 1922 652 1954 hunc
664 1922 935 1966 qualemcumque
946 1921 1094 1953 libellum
1108 1919 1270 1966 judicibus
1281 1921 1359 1951 meis
1374 1918 1478 1959 trado,
1492 1918 1526 1950 id
1537 1929 1641 1950 unum

305 1975 431 2016 dolens,
447 1976 547 2018 quod,
568 1983 736 2020 postquam
756 1977 790 2008 in
811 1987 848 2008 eo
869 1975 1081 2015 conficiendo,
1106 1980 1153 2006 tot
1174 1974 1347 2013 molestias,
1374 1978 1505 2016 propter
1525 1971 1641 2016 hujus-

305 2030 392 2062 modi
401 2030 504 2073 operis
518 2029 737 2063 difficultatem
748 2037 780 2062 et
791 2030 941 2071 taedium,
957 2030 1101 2074 perferre
1113 2029 1296 2072 contigerit,
1313 2039 1378 2058 non
1393 2033 1499 2058 tamen
1513 2025 1642 2057 licuerit

306 2085 434 2129 dignius
449 2083 528 2128 quid
543 2090 575 2115 et
590 2085 696 2116 minus
711 2097 728 2116 a
744 2085 943 2128 perfectione
960 2090 1136 2124 remotum,
1153 2094 1266 2115 eorum
1284 2081 1425 2113 examini
1440 2079 1640 2112 submittere.

866 2138 1085 2171 TANTUM.
