1747 2620
901 245 1014 290 (14)

576 363 599 406 g
632 362 693 394 IV.
742 374 784 393 nr:
821 373 1006 394 TuonAms
1043 374 1164 394 'runem
1202 375 1344 396 NERVlS.

340 469 442 513 Ipsius
465 468 555 499 nervi
578 466 713 509 duplicis
735 466 829 496 etiam
856 469 931 495 sunt
955 463 1091 504 ordinis,
1114 466 1204 498 nervi
1225 466 1345 498 scilicet
1365 466 1441 498 vitae
1461 467 1624 507 animalis,

297 530 329 555 et
348 523 439 554 nervi
457 521 495 552 ad
517 520 613 551 vitam
632 519 811 561 organicam
827 522 1022 560 spectantes;
1046 520 1186 561 ipsorum
1207 519 1355 552 binorum
1377 531 1533 564 generum
1548 532 1626 553 ner-

296 589 350 609 vos
369 574 551 619 singulatim
570 578 704 604 tractare
725 570 893 609 debenuw,
916 577 953 602 ut
971 572 1030 602 rite
1048 578 1143 615 atque
1165 573 1248 605 clare
1267 574 1441 617 procedere
1457 575 1622 618 possimus.

779 689 890 709 NERVI
937 688 1131 710 ANIMALES.

337 769 421 800 Vitae
442 766 585 798 animalis
603 765 694 797 nervi
715 764 753 795 ad
774 764 950 795 Thoracem
973 770 1165 806 spectantes,
1191 777 1300 797 omnes
1320 777 1338 797 e
1358 766 1487 808 regione
1508 765 1622 797 don-sali

294 822 443 855 medullae
468 820 596 863 spinalis
625 818 708 849 binis
731 817 890 849 radicibus
919 818 1088 858 oriuntur,
1114 830 1185 861 quae
1213 820 1245 850 in
1271 820 1405 850 unicum
1430 819 1620 851 fasciculum

293 888 365 908 mox
381 875 496 913 unitae,
513 874 546 904 in
561 872 650 903 binos
665 873 782 902 iterum
804 881 936 902 nerveos
956 882 1058 902 ramos
1073 871 1278 912 dividuntur,
1297 884 1432 915 quorum
1449 873 1619 915 posterior,

292 929 420 961 dorsalis
440 931 663 968 nuncupatus,
694 935 734 955 ex
751 924 813 955 una
835 929 925 966 parte
942 923 1095 955 musculis
1114 926 1282 956 tranversis
1298 926 1396 968 spinae
1416 931 1448 956 et
1468 926 1534 957 cuti
1556 926 1621 957 dis-

291 982 465 1020 tribuitur,
493 991 535 1011 ex
556 978 655 1009 altera
678 988 770 1018 vero,
795 978 890 1008 ramis
913 976 1034 1008 scilicet
1053 979 1210 1017 externis,
1238 990 1310 1009 mox
1331 979 1487 1010 exteriora
1512 990 1622 1010 versus

292 1037 432 1068 directus
446 1036 528 1065 intra
543 1031 705 1064 musculos
720 1031 938 1074 longissimum
956 1031 1038 1062 dorsi
1055 1037 1087 1061 et
1102 1043 1188 1062 sacro
1200 1031 1378 1063 lumbarem
1393 1031 1530 1075 (quibus
1545 1044 1622 1075 pro-

290 1088 432 1132 rependo
458 1098 497 1118 ex
521 1086 659 1128 utraque
683 1090 773 1127 parte
794 1095 908 1117 nervos
931 1084 1156 1127 suppeditant)
1178 1086 1345 1128 proserpit.
1376 1085 1516 1129 Moxque
1539 1087 1621 1129 ipsos

290 1143 524 1185 relinquentes,
551 1138 704 1170 musculis
728 1138 953 1178 rhomboideo,
980 1138 1130 1169 latissimo
1155 1138 1237 1169 dorsi
1257 1145 1290 1169 et
1311 1138 1525 1181 trapeziformi
1551 1139 1621 1183 ejus

289 1196 410 1229 surculi
431 1195 564 1226 stamina
585 1204 641 1224 sua
663 1191 776 1223 ultima
802 1191 1017 1231 distribuunt,
1045 1203 1109 1234 quo
1136 1192 1219 1223 facto
1241 1191 1429 1224 subcutanei
1455 1203 1542 1224 nunc
1563 1204 1620 1235 per

288 1257 392 1283 totum
417 1249 544 1280 dorsum
567 1246 767 1288 divagantur.

332 1303 513 1336 Anteriores
530 1311 604 1332 vero
620 1299 700 1330 rami
720 1297 935 1329 intercostales
959 1297 1050 1328 nervi
1066 1302 1298 1340 nuncupantur
1315 1302 1348 1328 et
1364 1298 1511 1340 sequenti
1525 1297 1620 1329 modo

287 1369 354 1391 sese
374 1356 512 1389 habent:
549 1355 671 1397 primus
693 1363 800 1384 ramus
824 1351 907 1383 infra
929 1352 1086 1394 primam,
1113 1350 1247 1382 ultimus
1269 1350 1353 1382 infra
1374 1350 1522 1382 ultimam
1549 1362 1619 1382 cos-

287 1419 352 1444 tam
369 1409 547 1453 egreditur,
570 1405 805 1438 horizontaliter
819 1404 1012 1448 procedunt,
1033 1405 1135 1447 primo
1151 1405 1235 1436 inter
1249 1404 1338 1436 binas
1354 1405 1530 1448 apophyses
1544 1415 1619 1437 ver-

284 1465 448 1497 tebrarum
470 1461 642 1493 dorsalium
661 1466 852 1491 transversas
876 1457 1176 1500 correspondentes,
1202 1457 1318 1489 deinde
1336 1458 1420 1489 inter
1440 1457 1530 1489 binas
1548 1469 1618 1489 cos-

285 1526 346 1557 tas,
376 1527 513 1559 quarum
533 1525 634 1557 quum
656 1512 696 1544 ad
720 1511 876 1554 angulum
898 1516 1132 1553 pervenerunt,
1154 1511 1236 1541 intra
1259 1509 1333 1542 bina
1358 1517 1453 1542 strata
1483 1522 1617 1544 muscu-

284 1573 389 1604 lorum
406 1567 656 1600 intercostalium
672 1576 738 1597 sese
754 1566 918 1596 insinuant
933 1569 965 1595 et
980 1564 1024 1594 sic
1043 1564 1198 1595 anteriora
1219 1575 1328 1595 versus
1345 1564 1614 1607 progrediuntur,

286 1625 374 1658 vario
398 1622 490 1654 modo
512 1632 544 1652 se
566 1619 801 1652 distribuentes.
842 1617 987 1648 Primum
1013 1616 1188 1648 secundum
1211 1617 1408 1660 tertiumque
1432 1629 1489 1660 par
1513 1617 1559 1660 (1)
1582 1619 1615 1648 in

285 1679 376 1710 binos
395 1685 496 1707 ramos
515 1673 612 1716 vulgo
631 1671 764 1716 majores
784 1669 1036 1708 distribuuntur,
1057 1669 1249 1701 brachialem
1265 1670 1386 1701 scilicet
1407 1676 1439 1701 et
1459 1671 1615 1702 intereos-

285 1731 403 1769 talem3
442 1727 523 1759 rami
554 1725 728 1757 brachiales
759 1723 944 1756 musculum
980 1722 1173 1754 brachialem
1210 1729 1381 1755 externum
1416 1723 1614 1766 perforantes

286 1784 415 1826 oblique
436 1782 469 1812 in
491 1792 567 1812 cavo
586 1780 709 1811 axillari
731 1779 931 1822 diriguntur,
957 1776 1171 1808 intercostales
1191 1787 1265 1808 vero
1286 1777 1370 1808 inter
1389 1775 1463 1807 bina
1482 1788 1615 1808 muscu-

285 1839 391 1870 lorum
410 1833 658 1866 intercostalium
688 1832 827 1875 (quibus
852 1831 911 1863 sub
941 1843 998 1862 suo
1025 1830 1162 1862 decursu
1187 1840 1227 1861 ex
1252 1835 1390 1873 utroque
1414 1829 1513 1861 latere
1538 1830 1614 1861 dant

286 1888 469 1930 filamenta)
487 1893 593 1918 -strata
620 1892 854 1929 proserpentes,
880 1884 918 1916 ad
942 1890 1085 1915 sternum
1112 1884 1323 1926 perveniunt,
1353 1889 1432 1915 tunc
1455 1894 1495 1915 ex
1517 1889 1613 1915 strato

285 1945 340 1977 illo
361 1948 532 1984 emergunt
551 1947 584 1973 et
605 1940 687 1983 parti
708 1939 843 1982 pectoris
864 1938 1100 1970 distribuuntur
1125 1938 1259 1970 internae
1281 1937 1504 1980 mammisque.

288 2009 1608 2025 ....---—-——-—-———-—-—-———————-———-—-——-

346 2056 379 2086 (ι)
395 2055 442 2080 Hic
456 2061 533 2085 neque
547 2053 576 2077 de
592 2053 689 2084 paribus
700 2052 858 2076 cervicalibus
875 2059 952 2083 neque
965 2052 993 2074 de
1009 2052 1171 2080 lumbaribus.
1188 2052 1229 2076 sed
1247 2050 1418 2076 tantummodo
1432 2050 1461 2074 de
1477 2049 1612 2074 dorsalibus

283 2097 373 2128 agitur.
