1747 2620
865 332 980 374 (28)

310 410 390 449 Quis
411 414 473 448 est,
498 407 535 438 A.
552 406 610 446 H.‚
631 406 687 449 qui
709 406 742 436 in
763 406 1028 448 praestantissimis
1049 404 1135 436 hisce
1155 416 1264 437 rerum
1280 404 1484 449 publicarum
1505 407 1598 437 insti-

267 466 359 504 tutis,
386 469 542 507 perpetuo
567 461 691 492 foedere
714 461 897 503 Principem
923 461 1007 491 inter
1031 465 1063 491 et
1090 459 1248 502 populum
1273 460 1400 491 sancitis
1425 460 1599 504 imaginem

266 530 331 549 non
363 515 579 560 deprehendat
614 514 829 554 monarchiae,
860 514 971 557 populi
1001 514 1301 556 repraesentatione,
1336 526 1433 558 quam
1464 521 1598 554 vocant,

265 571 433 603 limitatae?
463 570 543 608 Quis
565 568 680 599 audeat
706 579 839 610 negare,
867 567 1050 610 praeclaram
1077 567 1164 598 illam
1187 578 1253 599 esse
1280 573 1313 599 et
1334 568 1489 600 divinitus
1511 569 1599 611 quasi

266 626 469 656 constitutam
494 634 602 654 rerum
625 621 825 665 publicarum
852 622 1005 660 sormam,
1032 633 1096 664 qua
1119 622 1145 652 si
1166 621 1316 653 destituta
1338 622 1377 653 sit
1398 622 1599 662 Monarcliia,

266 680 319 712 vix
345 678 409 710 ulla
435 677 591 728 Principis
612 676 726 719 gloria,
756 676 807 707 vix
833 675 898 706 ulla
921 675 1033 718 populi
1056 676 1264 715 existimatio,
1291 687 1466 719 rerumque
1491 676 1602 720 publi*-

267 744 377 763 carum
405 731 538 762 felicitas
563 730 680 761 stabilis
705 736 738 761 et
766 731 855 761 firma
877 730 1012 761 existere
1035 736 1091 761 aut
1117 731 1249 772 cogitari
1274 736 1377 773 potest
1387 730 1402 761 ’ἲ
1433 731 1540 774 Atque
1566 732 1600 762 in

268 786 402 829 egregiis
436 785 498 816 illis
524 784 676 815 libertatis
706 784 874 827 praesidiis,
904 785 1097 815 sanctissima
1126 784 1253 826 imperii
1277 784 1348 827 lege
1369 785 1542 816 condendis
1569 791 1601 816 et

268 838 506 879 confirmandis,
533 844 688 882 perpetua
707 839 825 871 versari
848 837 942 869 debet
965 837 1154 880 Principum
1180 838 1440 882 populorumque
1466 850 1544 870 cura
1570 845 1602 869 et

267 892 456 924 sollicitudo.

311 1219 382 1250 Jam
398 1217 491 1249 officii
508 1217 570 1249 mei
585 1217 664 1248 ratio
682 1217 797 1259 exigit,
813 1222 850 1248 ut
865 1216 979 1256 Vobis,
996 1216 1033 1247 A.
1051 1215 1108 1255 H.,
1122 1226 1194 1259 quae
1209 1215 1426 1247 memorabilia
1443 1215 1601 1258 superiori

269 1284 352 1304 anno
367 1272 471 1315 (1827
482 1271 614 1313 4828)
631 1271 663 1301 in
680 1270 849 1301 Academia
866 1276 971 1300 nostra
984 1270 1167 1309 evenerint,
1184 1281 1341 1301 enarrem.
1359 1270 1453 1312 Regis
1471 1270 1604 1300 muniti—

269 1327 440 1358 centissimi
453 1324 673 1356 liberalitatem
682 1348 690 1363 7
702 1329 734 1354 et
743 1322 1010 1366 amplissimorum
1023 1322 1165 1354 virorum
1174 1347 1182 1362 ,
1195 1323 1251 1366 qui
1263 1323 1400 1366 publicae
1411 1324 1604 1354 institutioni

268 1380 469 1412 moderandae
485 1384 642 1422 praesunt,
664 1377 921 1409 benevolentiam
938 1377 1034 1408 etiam
1049 1376 1110 1408 hoc
1125 1389 1209 1408 anno
1224 1383 1354 1419 experta
1370 1384 1417 1408 est
1433 1377 1604 1408 Academia

270 1434 496 1466 Gandavensis.
519 1433 631 1472 Quum
648 1433 682 1463 in
699 1432 797 1463 Ilorto
812 1430 982 1470 Botanico,
1000 1430 1240 1473 opulentissimo
1254 1431 1308 1473 illo
1324 1437 1355 1461 et
1369 1431 1604 1473 pulcherrimo,

268 1489 311 1521 ita
329 1489 488 1520 creverint
503 1488 684 1531 plantarum
702 1487 898 1517 exoticarum
916 1484 1051 1525 divitiae,
1075 1490 1113 1516 ut
1128 1484 1351 1516 conservandis
1367 1483 1454 1514 hisce
1472 1483 1605 1515 mitioris

270 1542 342 1573 coeli
369 1542 458 1573 donis
479 1553 544 1572 non
568 1541 705 1584 amplius
729 1539 928 1577 sufficerent,
958 1550 1030 1581 quae
1056 1538 1100 1569 ibi
1123 1544 1263 1577 exstant,
1290 1537 1439 1577 aedificia,
1465 1548 1546 1568 nova
1572 1543 1604 1568 et

269 1595 498 1638 elegantissima
520 1594 726 1637 adjiciuntur.
754 1594 791 1624 In
809 1592 1024 1631 Bibliotheca,
1044 1592 1308 1634 praestantissimis
1323 1592 1356 1622 in
1377 1592 1463 1622 omni
1483 1591 1603 1622 doctri-

269 1661 383 1680 narum
419 1660 535 1691 genere
571 1648 726 1679 instructa
756 1646 920 1686 subsidiis,
954 1645 1056 1688 eaque
1091 1645 1331 1689 diligentissime
1367 1645 1539 1687 composita
1573 1651 1605 1675 et

269 1703 430 1742 ordinata,
456 1714 543 1734 oecus
569 1708 750 1733 exstructus
770 1707 816 1732 est
838 1701 1000 1743 spatiosior
1021 1700 1060 1731 ad
1080 1699 1283 1742 excipiendos
1304 1710 1372 1739 eos,
1397 1700 1453 1742 qui
1476 1698 1603 1740 legendi

270 1768 362 1788 causa
388 1756 637 1799 frequentissimi
666 1755 753 1786 illam
780 1761 907 1798 petunt.
941 1756 1138 1798 Apparatum
1168 1754 1352 1798 chyniicum
1378 1759 1410 1784 et
1434 1753 1604 1795 physicum

269 1811 329 1842 hoc
346 1822 428 1841 anno
446 1811 478 1841 in
495 1809 691 1841 Academicis
706 1809 825 1841 aedibus
842 1809 1031 1841 collocatum
1045 1809 1230 1852 optimeque
1242 1808 1427 1850 dispositum
1446 1807 1602 1838 videmus.

270 1865 379 1897 Musea
408 1864 602 1896 Academiae'
619 1864 745 1904 omnia,
775 1869 840 1895 tam
869 1863 1093 1906 Augustissimi
1120 1862 1213 1904 Regis
1238 1862 1337 1892 nostri
1362 1860 1604 1899 munificentia,

271 1931 367 1962 quam
389 1919 523 1950 aliorum
543 1919 720 1950 Academiae
743 1924 858 1950 nostrae
874 1918 1036 1950 fautorum
1053 1916 1258 1956 liberalitate,
1278 1914 1426 1958 pluribus
1441 1920 1473 1945 et
1488 1914 1605 1957 exqui-

272 1974 424 2004 sitissimis
454 1973 548 2004 rebus
577 1973 770 2016 locupletata
798 1978 831 2004 et
857 1978 966 2004 ornata
995 1977 1080 2003 sunt.
1116 1970 1354 2002 Numismatum
1384 1968 1604 2000 collectionem

272 2026 418 2069 largitate
436 2026 492 2058 sua
513 2038 577 2069 prae
598 2027 718 2058 caeteris
739 2032 902 2058 auxerunt
920 2025 1060 2057 illustres
1079 2025 1263 2064 CuratoreS,
1281 2023 1392 2054 Comes
1412 2023 1459 2054 DE
1474 2024 1552 2053 Lens
1573 2027 1606 2052 et

274 2081 308 2111 C.
336 2091 397 2112 VAN
423 2080 584 2112 HULTHEM.
614 2080 787 2123 Zoologicis
812 2079 990 2112 Academiae
1015 2085 1129 2111 nostrae
1158 2078 1270 2122 opibus
1297 2089 1394 2110 novas
1417 2075 1605 2120 adjecerunt

227 2179 233 2181 ..
273 2134 489 2176 Bssawimnnus,
505 2135 646 2167 VmAmAE
660 2136 734 2166 Dux
746 2140 778 2166 et
792 2134 1023 2166 honoratissimi
1041 2135 1125 2167 cives
1136 2133 1182 2164 DE
1194 2132 1294 2172 Cocx,
1311 2132 1459 2170 Rossaen,
1474 2129 1604 2172 aliique.
