1747 2620
875 262 988 306 (48)

264 345 293 375 Si
318 344 402 376 enim
436 344 562 375 animus
586 348 618 372 et
645 350 759 382 corpus
788 337 844 369 sibi
871 337 1008 369 inxit-ein
1035 340 1260 378 opponuntur,
1285 333 1337 364 hic
1367 332 1596 375 oppositionem

264 410 327 429 non
350 397 641 433 contradictoriam,
665 405 776 425 verum
799 391 989 421 contrariam
1008 387 1228 419 tantnnnnodo
1249 387 1355 418 locum
1378 386 1511 427 habere,
1531 399 1600 418 ma-

265 455 419 485 nifestum
441 458 497 482 est.
531 451 642 491 ltaque
664 456 868 490 quaecunque
890 444 929 474 de
951 443 1133 479 diversitate
1159 442 1254 471 animi
1280 447 1312 472 et
1335 442 1474 483 corporis
1500 452 1600 484 expe-

266 509 396 547 rientia,
418 505 636 537 observatione
658 507 689 532 et
711 499 915 531 meditatione
944 499 1164 533 innotescunt,
1192 507 1255 526 non
1282 501 1407 525 tantuin
1433 495 1539 525 valent
1564 501 1601 526 ut

267 570 405 595 statuere
425 560 535 597 liceat,
551 556 700 599 quoniam
718 564 833 595 corpus
852 562 889 582 ex
909 551 1038 580 materia
1057 556 1195 588 constat,
1217 551 1360 580 animum
1381 549 1498 580 idcirco
1519 549 1600 580 nihil

269 629 342 649 cum
363 614 492 646 materia
515 610 633 642 habere
653 607 842 638 admixtum.
864 604 986 643 Quodsi
1010 603 1149 646 (lenique
1170 603 1223 633 hic
1246 603 1451 634 recordemur
1467 602 1603 634 demon-

269 670 451 702 strationem
470 664 675 696 necessariam
689 672 755 692 esse
771 671 857 698 eam,
876 670 948 701 quae
964 669 1002 689 ex
1020 658 1217 700 argumentis
1229 657 1387 688 intuitivis
1403 663 1500 699 atque
1514 668 1552 688 ex
1568 668 1603 688 re

269 726 333 767 ipsa
360 721 481 766 objecta
505 718 697 755 deducatur,
728 714 820 745 facile
846 714 1049 752 evincemur,
1077 712 1135 742 hac
1159 723 1289 754 quoque
1312 711 1344 741 in
1370 723 1405 742 re
1425 712 1502 742 certi
1526 711 1604 754 quid

269 777 365 808 statui
385 786 447 806 non
465 783 570 816 posse,
588 770 640 801 sed
657 769 761 800 omnia
776 767 814 798 ad
831 767 924 797 fidem
939 767 1051 796 rationi
1067 766 1312 796 convenientem
1327 776 1393 796 esse
1408 764 1604 796 reducenda.

315 832 356 861 At
380 828 533 859 faciamus
554 824 615 868 jam
637 824 857 864 incorpoream
885 820 982 851 animi
1009 825 1156 850 naturam
1185 825 1271 850 certo
1295 825 1326 850 et
1349 818 1431 862 juste
1459 830 1525 850 esse
1548 819 1606 850 de-

271 888 493 918 monstratam,
519 877 662 909 nondum
684 881 791 906 tamen
815 873 928 904 cedere
948 879 1102 915 cogantur
1124 873 1310 913 adversarii,
1333 880 1477 916 superest
1502 874 1606 913 enirn,

272 937 357 980 quod
377 934 538 978 objiciant.
566 931 726 962 Nimirum
745 928 866 958 inficias
884 927 921 957 iri
943 927 1055 968 nequit
1072 933 1168 968 atque
1187 938 1248 957 usu
1264 933 1295 957 et
1316 928 1512 969 experientia
1530 939 1609 958 con-

273 993 440 1027 firmatur,
474 984 698 1017 conscientiam
728 983 776 1012 sui
804 982 902 1023 ipsius
931 985 963 1010 et
987 991 1059 1022 quae
1081 979 1158 1010 huic
1183 978 1363 1023 conjunctae
1391 986 1487 1018 sunt,
1511 981 1610 1011 animi

274 1044 473 1088 operationes
489 1040 590 1073 varios
611 1038 779 1069 admittere
798 1035 926 1078 gradus.
951 1034 1039 1072 Quin
1062 1034 1157 1064 etiam
1177 1033 1341 1064 interdum
1359 1032 1488 1072 accidit,
1504 1034 1611 1064 sinon

275 1101 308 1130 in
331 1098 394 1129 alto
415 1105 543 1138 sopore,
565 1099 596 1123 at
616 1093 649 1123 in
670 1091 811 1133 deliquio
832 1095 939 1119 tamen
964 1088 1020 1119 diu
1041 1087 1166 1126 mersis,
1190 1088 1299 1118 mortis
1318 1087 1510 1126 accessione,
1531 1093 1564 1118 et
1579 1086 1612 1118 id

276 1163 378 1196 genus
395 1150 480 1188 aliis,
503 1154 539 1179 ut
559 1153 735 1188 utrumque
754 1144 882 1186 penitus
898 1142 1079 1180 evanuisse,
1101 1152 1137 1171 ac
1155 1140 1246 1171 filum
1266 1141 1464 1182 cogitationis
1485 1152 1612 1183 prorsus

277 1207 449 1248 abruptum
478 1213 542 1233 esse
566 1200 723 1232 videatur.
752 1197 883 1228 Etiamsi
909 1196 1007 1237 igitur
1034 1193 1244 1233 concedatur,
1275 1194 1419 1224 animum
1447 1199 1612 1236 tamquam

277 1266 424 1290 naturam
451 1258 670 1297 incorpoream
698 1251 852 1283 divisione
876 1259 940 1278 non
966 1257 1054 1289 posse
1079 1246 1222 1285 dissolvi,
1248 1247 1349 1277 nihilo
1375 1253 1481 1278 tamen
1507 1249 1613 1278 minus

278 1313 345 1345 sieri
375 1311 486 1354 possit,
519 1314 555 1340 ut
583 1307 689 1338 haecce
714 1301 905 1335 conscientia
936 1300 985 1331 sui
1013 1298 1166 1342 paulatim
1193 1310 1230 1329 ac
1257 1300 1291 1330 in
1319 1299 1385 1330 dies
1416 1299 1615 1330 diminuatur

279 1367 423 1408 adeoque
444 1374 552 1395 omnes
572 1359 727 1404 gradatim
750 1357 852 1388 animi>
870 1356 951 1387 vires
973 1353 1132 1384 deficiant.
1159 1354 1200 1384 Et
1219 1364 1293 1385 vero
1314 1352 1449 1395 simplex
1467 1352 1521 1383 illa
1538 1351 1616 1383 sub-

279 1420 413 1459 stantia,
436 1418 461 1448 si
485 1416 624 1458 corporis
652 1412 777 1457 organis
805 1411 870 1442 sive
897 1414 1046 1447 esterna,
1078 1409 1146 1438 sine
1171 1419 1232 1450 qua
1257 1408 1290 1437 in
1315 1407 1375 1437 hac
1404 1409 1466 1438 vita
1491 1407 1616 1449 operari

281 1479 440 1516 nequeat,
465 1471 646 1502 conditione
670 1468 831 1510 privetur,
857 1470 967 1496 utrum
990 1464 1032 1493 ita
1058 1462 1266 1504 languescens
1288 1461 1402 1492 existat
1424 1472 1464 1491 an
1487 1465 1616 1503 pereat,

281 1539 345 1559 non
362 1525 502 1557 multum
522 1534 596 1554 sane
617 1522 759 1552 interest.
784 1518 889 1563 Hujus
908 1517 1007 1560 igitur
1028 1516 1223 1546 contrarium
1243 1520 1335 1545 antea
1357 1525 1395 1545 ex
1412 1513 1482 1556 ejus
1502 1519 1618 1545 natura

284 1579 491 1613 demonstrari
513 1576 623 1615 debet,
645 1574 732 1618 quod
754 1584 864 1605 revera
880 1583 944 1602 non
966 1570 1060 1601 facile
1078 1568 1274 1600 censendum
1290 1574 1346 1599 est.
1374 1568 1515 1598 Mentem
1531 1568 1619 1598 enim

283 1635 341 1667 sibi
360 1635 460 1676 ipsam
479 1643 542 1662 non
562 1630 707 1661 sufficere
725 1628 765 1659 ad
786 1625 987 1658 existendum
1010 1625 1156 1667 sequitur
1175 1634 1212 1654 ex
1235 1622 1410 1654 successiva
1431 1621 1500 1665 ejus
1521 1621 1620 1652 dura-

284 1692 388 1727 tione,
412 1685 639 1728 dependentia,
668 1681 880 1714 mutabilitate
902 1686 933 1711 et
956 1680 1095 1717 imitate,
1123 1678 1243 1721 quippe
1272 1687 1343 1719 quae
1366 1676 1439 1706 satis
1457 1685 1619 1717 superque

286 1743 355 1787 ejus
379 1739 629 1781 contingentiam
649 1737 808 1768 evincant.
836 1734 958 1773 Quodsi
979 1733 1032 1764 hic
1054 1733 1094 1763 ita
1115 1730 1362 1774 respondeatur,
1385 1730 1452 1761 veri
1474 1741 1538 1760 nou
1554 1740 1620 1760 esse

286 1796 405 1835 simile,
431 1793 587 1838 ejusmodi
610 1792 797 1834 languorem
824 1789 1007 1830 viriumque
1029 1786 1282 1818 deminutionem
1307 1784 1412 1815 locum
1440 1794 1506 1814 esse
1528 1783 1621 1814 habi-

288 1858 398 1883 turum
418 1859 525 1891 neque
547 1859 563 1878 a
584 1847 651 1877 Deo
673 1845 793 1888 optimo
818 1843 990 1874 admissum
1011 1842 1066 1881 iri,
1088 1840 1121 1872 id
1144 1839 1226 1870 nihil
1246 1838 1333 1870 aliud
1354 1838 1416 1868 dici
1436 1843 1539 1880 potest
1561 1837 1623 1868 nisi

288 1906 447 1936 incertum
469 1913 527 1945 per
547 1911 638 1944 aeque
660 1900 820 1930 incertum
841 1896 975 1940 probare
994 1895 1052 1937 (1).

289 1972 1133 1988 ——————-——————

351 2008 396 2037 (1)
411 2007 452 2030 Cf.
473 2006 505 2029 D.
523 2013 571 2028 van
590 2005 618 2028 de
633 2005 799 2035 Wynpersse,
819 2003 879 2025 inst.
898 2001 1009 2032 metaph.
1028 2005 1052 2023 et
1068 2000 1100 2023 ibi
1119 1998 1233 2030 psyehol.
1253 2006 1307 2028 cap.
1327 1999 1371 2021 IX.
1391 1997 1472 2027 §644‚
1488 1995 1545 2024 656,
1562 1995 1622 2018 coll.

291 2056 347 2078 cap.
365 2049 401 2070 11.
421 2046 582 2077 §396—5983
603 2045 649 2069 W.
663 2045 695 2067 T.
713 2044 795 2074 Krug,
819 2047 910 2074 system
926 2042 967 2064 der
983 2041 1061 2064 theor.
1082 2040 1174 2070 phitos.
1194 2040 1230 2061 11.
1251 2038 1288 2060 th.
1309 2035 1529 2060 erkenumisslehre
1543 2039 1567 2058 et
1590 2035 1625 2057 ibi

292 2088 331 2110 th.
353 2089 389 2110 ΙΙ.
413 2086 515 2109 abschn.
535 2087 558 2108 1.
584 2085 667 2115 §163.
691 2083 717 2106 in
738 2087 843 2111 annot-3
869 2082 969 2110 Melliu,
993 2081 1085 2111 philos.
1110 2078 1265 2102 wiirterbuch
1289 2077 1315 2100 iu
1335 2080 1383 2100 art.
1406 2074 1626 2104 uusterblichkeh5

292 2129 334 2152 Fr.
355 2126 513 2157 Bouterwek,
529 2126 568 2149 die
584 2125 688 2156 religIOn
707 2124 749 2148 der
763 2122 893 2149 vernunst.
913 2122 986 2146 G'o'tt.
1007 2121 1074 2144 1824.
1096 2127 1153 2151 pag.
1172 2117 1302 2143 418-424.
