1747 2620
693 290 828 333 (129)

94 362 301 405 »chirurgus
327 362 445 394 vulnus
474 362 657 406 OEsophagi
683 374 748 394 non
778 363 880 395 latum
904 376 989 405 esse,
1016 367 1136 409 qnippe
1162 369 1236 410 qnia
1264 371 1431 403 transfosso

94 428 113 448 ))
130 416 184 447 illo
201 417 302 447 canali
318 418 570 448 instrumentum
587 416 760 449 vulnerans
779 429 836 460 per
852 429 982 461 corpora
999 420 1219 452 vertebrarum
1240 423 1433 465 impeditum

94 482 113 501 ))
129 471 246 501 fuerat.
274 470 401 509 Quibus
422 470 570 502 omnibus
595 472 746 513 cognitiS‚
775 472 993 516 quodcunque
1017 476 1254 508 nutrimentum
1285 477 1348 509 fnit
1374 490 1433 510 ne-

94 535 112 555 »
129 530 256 566 gatum,
285 523 436 566 clysmata
456 525 632 556 nutrientia
655 525 872 557 administrata
893 527 987 558 fuere
1007 534 1039 559 et
1059 529 1224 561 ardentem
1250 531 1335 563 sitim
1360 544 1433 576 seg-

93 579 244 609 »mentis
269 577 427 609 malorum
451 589 623 610 aureorum
649 579 822 623 (orange)
848 581 976 612 sedabat
1004 582 1207 625 vulneratus;
1237 585 1338 617 donec
1364 594 1434 630 post

93 642 112 661 ))
128 631 248 673 aliquot
265 631 332 662 dies
354 637 541 674 aegrotante,
559 632 664 663 inedia
685 639 717 663 et
737 635 894 676 regimine
913 636 1184 679 antiphlogistico‚
1208 639 1276 670 fere
1295 639 1357 683 jam
1374 653 1433 672 ex—

92 684 241 715 »hausto
273 685 418 728 quaedam
451 686 670 717 cochlearcula
703 686 819 729 liquidi
851 688 1018 732 cujusdam
1049 692 1185 723 fuerunt
1218 706 1385 734 concessa3
1415 708 1433 728 e

93 750 112 770 i)
127 738 263 770 vulnere
284 750 349 770 non
371 739 508 782 amplius
533 740 661 770 effluxit
681 740 805 783 liquor,
827 753 866 773 ex
888 754 952 785 quo
975 744 1110 776 vulnere
1128 758 1215 778 nunc
1233 759 1293 790 pus
1308 750 1432 791 esibat3

92 793 243 824 »sensim
265 793 487 836 paulatimque
508 800 600 825 aucta
620 793 684 824 fuit
705 796 808 837 potio,
831 795 932 828 donec
952 798 990 829 ad
1010 799 1107 830 solida
1131 802 1331 834 nutrimenta
1354 816 1433 836 con-

92 847 214 890 »fugit
242 847 397 879 medicus.
427 847 520 879 Vires
548 847 677 892 jamjam
705 849 871 891 redibant,
901 851 955 883 sed
986 853 1143 885 febricula
1173 862 1205 886 et
1230 859 1433 900 oppressione

93 912 112 932 »
129 901 292 932 laborabat
313 913 413 944 aeger3
438 913 541 945 quum
565 914 642 934 rure
664 904 851 944 translatus,
878 912 948 948 post
967 906 1051 950 justo
1078 910 1235 951 copiosius
1259 912 1434 954 prandium

92 956 340 998 »indigestione
367 957 560 999 corripitur,
589 963 660 1000 post
689 969 785 990 vanas
815 960 968 1002 quasdam
997 963 1254 996 vomituritiones
1284 977 1434 1009 magnam

91 1010 339 1052 »quantitatem
361 1012 502 1042 materiae
524 1011 708 1053 purulentis
728 1015 964 1055 expectoravit:
986 1014 1055 1046 haec
1073 1020 1290 1059 expectoratio
1310 1020 1433 1064 aliquot

91 1063 239 1094 »diebus
265 1064 484 1104 continuavit,
511 1064 640 1096 tandem
667 1067 815 1105 cessavit,
847 1067 945 1098 febris
970 1068 1127 1112 disparuit
1149 1077 1181 1102 et
1206 1072 1317 1114 laesus,
1346 1074 1433 1107 lente

90 1128 109 1148 2)
125 1116 275 1159 quidem,
297 1117 352 1148 sed
371 1118 496 1160 integre
516 1119 643 1149 sanitati
664 1120 831 1151 restitutus
853 1122 931 1153 est.⁷’

133 1171 205 1202 Non
228 1177 344 1203 cuncta
365 1172 466 1215 igitur
485 1172 669 1216 OEsophagi
687 1174 820 1206 vulnera
836 1177 1012 1209 necessario
1031 1184 1064 1209 et
1078 1180 1287 1212 essentialiter
1301 1181 1432 1215 lethalia

88 1231 165 1257 sunt.
179 1225 331 1257 dicenda:
357 1225 439 1258 illud
461 1238 579 1258 nomen
599 1229 650 1259 vix
673 1228 741 1259 aliis
765 1229 864 1271 ipsius
886 1230 1074 1263 vulneribus
1089 1233 1212 1275 imponi
1227 1241 1345 1277 potest,
1370 1238 1431 1269 nisi

87 1279 151 1310 illis
170 1290 242 1322 quae
261 1286 366 1310 totum
381 1286 540 1323 quantum
563 1280 699 1312 ductum
721 1282 815 1313 illum
836 1284 1285 1320 musculo-membranaceum
1305 1290 1433 1322 abscin-

89 1332 173 1364 dunt
191 1334 251 1372 ita,
274 1339 311 1365 ut
328 1333 458 1365 nullum
474 1334 625 1378 deinceps
646 1338 876 1369 commercium
892 1340 1110 1372 ventriculum
1132 1342 1216 1374 inter
1232 1350 1264 1374 et
1279 1344 1431 1378 alimenta

87 1388 243 1430 supersit:
261 1388 372 1419 multae
381 1389 469 1419 enim
486 1395 611 1420 exstant
622 1389 870 1432 observationes,
882 1404 954 1436 quae
965 1405 1155 1437 magnorum
1171 1396 1307 1441 hujusce
1318 1402 1430 1442 organi

87 1440 263 1473 vulnerum
289 1443 467 1473 sanationes
492 1449 670 1474 monstrant
689 1445 746 1487 (1).
772 1445 869 1484 Quod
894 1448 919 1478 si
938 1453 1047 1479 tamen
1070 1451 1230 1482 sauciatus
1250 1463 1289 1483 ex
1312 1453 1431 1498 hujus-

89 1494 176 1526 modi
206 1495 316 1538 organi
342 1494 436 1537 plaga
464 1502 590 1538 pereat,
623 1508 717 1529 causa
744 1501 870 1540 mortis,
898 1500 946 1543 (si
971 1514 1036 1533 non
1061 1505 1186 1548 integre
1211 1505 1431 1551 abscinditur)

88 1554 168 1579 esset
183 1549 356 1580 certissime
370 1548 497 1581 vulneri
505 1561 571 1591 per
584 1562 636 1588 se,
654 1563 718 1583 non
737 1546 813 1585 >vero
834 1557 1063 1588 essentialiter
1078 1557 1189 1590 lethali
1206 1559 1428 1593 adscribenda:

87 1601 220 1633 demum
254 1607 440 1633 transversae
470 1602 614 1646 ejusdem
642 1606 797 1638 sectiones
826 1615 902 1640 sunt
933 1612 1109 1653 generatim
1142 1612 1430 1656 longitudinalibus

85 1655 329 1699 periculosiores
348 1655 716 1705 declarandaefpropter
737 1672 875 1696 nervum
894 1667 1229 1709 pneumo-gastricum
1250 1669 1428 1702 secundum

86 1709 188 1753 ipsius
209 1709 449 1753 longitudinem
472 1710 710 1747 decurrentem.

355 1825 378 1867 g
415 1825 486 1857 VII.
537 1838 712 1861 VULNERA
757 1842 898 1864 nUc'rns
945 1843 1160 1865 TnoaAc1c1.

131 1920 269 1965 Jamjam
297 1923 332 1953 in
356 1934 393 1954 eo
418 1935 530 1957 sumus
555 1931 592 1957 ut
619 1928 705 1960 varia
730 1929 848 1960 ductus
872 1930 1039 1962 Thoracici
1064 1931 1198 1963 vulnera
1227 1933 1427 1976 perpendere

86 1975 281 2017 debeamus,
316 1976 512 2022 illorumque
551 1982 653 2013 varios
687 1983 873 2015 lethalitatis
916 1984 1032 2027 gradus
1069 1985 1230 2018 stabilire:
1269 1993 1427 2030 quotquot

147 2091 192 2121 (ι)
208 2091 342 2123 Plouquet‚
362 2097 492 2116 comment.
512 2093 538 2117 in
555 2102 677 2125 processus
693 2096 844 2126 criminales,
863 2105 918 2128 pag.
937 2098 986 2121 150.

1098 2151 1134 2182 ¹7
