1747 2620
726 231 738 273 (
763 233 802 263 13
827 232 838 273 )

123 318 279 339 summam
301 307 433 338 teneret.
460 305 602 348 Populus
623 309 747 343 autem,
773 310 810 335 ut
829 304 1003 344 existimat,
1028 304 1199 346 imperium
1216 303 1278 333 tale
1300 303 1443 341 omnino,

124 360 217 403 quale
236 360 317 391 illud
335 360 372 390 ab
393 360 514 402 origine
537 369 634 401 penes
655 358 816 389 universos
833 357 916 397 fuit,
937 357 1093 399 principi,
1115 362 1206 398 pacto
1227 355 1443 399 subjectioniS,

121 414 229 455 itaque
252 424 432 449 summum,
457 413 616 453 plenum,
640 411 830 441 absolutam
855 411 1022 450 concessit3
1044 409 1141 452 idque
1160 411 1193 440 in
1214 414 1406 452 perpetuum
1429 419 1445 438 a

122 477 155 497 se
173 466 337 505 alienavit,
357 466 433 497 adeo
448 472 485 497 ut
502 465 583 496 illud
598 464 687 496 nulla
703 464 742 495 de
757 476 850 496 causa
868 470 1030 506 repetere,
1046 463 1098 495 vel
1112 463 1282 494 transferre
1297 463 1331 492 in
1346 461 1445 492 alium

121 519 226 561 possit.
251 518 414 549 Translate
437 519 522 549 enim
546 519 580 549 in
597 518 775 560 principem
794 518 927 559 imperio
951 516 1088 559 populus
1107 516 1198 547 desiit
1222 526 1353 558 persona
1375 525 1446 544 mo—

121 571 294 609 ralisesse,
319 582 378 602 nec
402 571 461 601 nisi
484 571 615 613 privatis
639 576 777 609 constat,
798 571 853 612 qui
870 581 1073 601 communem
1095 576 1127 600 et
1147 569 1308 611 publicam
1330 567 1446 599 volun-

120 630 218 655 tatem
244 624 360 655 habere
388 630 566 666 nequeunt.
595 624 690 662 Quod
717 624 816 667 igitur
836 624 914 666 Regi
940 623 1059 665 placet,
1084 623 1116 653 id
1141 623 1218 665 legis
1244 621 1340 653 habet
1364 621 1444 659 vim3

121 677 205 719 quod
229 677 283 708 ille
309 678 472 720 praecipit,
499 676 637 720 justum,
663 677 749 719 quod
774 683 878 716 vetat,
903 676 1059 721 injustum
1084 682 1147 716 est,
1173 686 1278 718 neque
1302 685 1446 716 unquam

120 731 236 761 summi
266 732 457 772 imperantes
482 729 599 774 injuste
623 740 731 772 agere,
759 740 866 772 neque
890 729 1023 772 proinde
1052 729 1175 771 culpari
1204 739 1349 770 unquam
1371 737 1445 756 cum

119 783 241 814 ratione
271 789 417 825 possunt,
449 783 523 825 quia
550 793 754 813 communem
785 782 927 813 omnium
956 782 1075 814 civium
1099 781 1274 812 enunciant
1298 786 1329 810 et
1354 790 1446 809 exse—

119 842 265 877 quuntur
291 836 503 876 voluntatem,
528 847 599 878 quae
621 835 773 878 injuriam
799 834 948 866 adversus
974 834 1113 877 singulos
1133 834 1295 864 continere
1320 832 1443 874 nequit.

119 889 398 928 Quemadmodum
416 890 455 920 ab
466 890 587 932 origiue
605 890 738 920 civitatis
760 888 923 918 communi
940 889 1084 919 omnium
1096 887 1267 925 voluntati,
1283 886 1326 916 sic
1342 891 1445 916 trans-

118 941 181 972 lata
204 948 356 984 potestate
375 942 539 983 suprema,
562 941 712 982 principis
733 939 861 970 arbitrio
883 939 1001 971 civium
1025 940 1127 979 bona,
1149 941 1246 979 vires,
1270 939 1444 982 judicium,

121 994 286 1034 voluntas,
316 1006 388 1025 cum
416 995 481 1037 ipsa
505 995 568 1025 vita
593 993 746 1030 subsunt·,
771 992 852 1022 nihil
875 993 995 1034 proprii
1021 993 1161 1023 retinent
1182 992 1315 1034 singuli,
1343 1002 1445 1034 quum

120 1049 225 1079 omnia
245 1047 284 1078 ad
307 1048 483 1089 principem
504 1047 700 1088 pertineant,
722 1050 817 1087 atque
842 1045 925 1077 servi
949 1051 1023 1076 sunt
1048 1045 1197 1084 civitatis,
1220 1051 1257 1076 ut
1277 1045 1444 1075 securitate

120 1106 152 1131 et
172 1099 246 1132 vera
265 1110 343 1142 pace
361 1100 522 1130 fruantur.
543 1117 586 1123 —
604 1098 783 1129 Dolendum
804 1109 877 1129 sane
899 1103 962 1137 est,
978 1098 1016 1128 A.
1035 1098 1093 1137 H„
1116 1099 1272 1140 primum,
1294 1098 1350 1140 qui
1366 1097 1444 1141 juris

118 1152 239 1194 publici
263 1151 460 1194 disciplinam
488 1151 707 1183 illustrandam
734 1153 924 1194 susceperit,
957 1152 1142 1194 scriptorem
1169 1157 1234 1182 tam
1255 1151 1383 1182 exitiosa
1405 1151 1444 1181 de

117 1206 244 1237 civitate
268 1211 300 1236 et
319 1206 454 1248 imperio
477 1206 632 1248 principia
654 1204 812 1244 docuisse,
839 1216 914 1236 eum
937 1205 992 1236 sua
1017 1205 1158 1236 doctrina
1182 1205 1318 1236 odiosam
1339 1205 1444 1246 impe—-

117 1260 256 1290 rantium
285 1258 503 1302 tyrannidem,
529 1259 647 1290 civium
670 1269 745 1289 vero
765 1257 994 1289 intolerabilem
1021 1259 1207 1290 servitutem
1229 1259 1442 1297 constituisse,

116 1318 212 1354 atque
232 1313 275 1342 ita
294 1323 394 1355 genus
413 1312 610 1351 humanum,
629 1312 679 1343 vix
697 1317 852 1354 perpetuo
867 1317 965 1342 status
985 1312 1136 1342 naturalis
1151 1311 1233 1343 bello
1255 1311 1441 1350 liberatum,

115 1365 149 1396 in
172 1370 327 1407 perpetua
349 1376 458 1396 rursus
480 1365 607 1397 vincula
628 1365 813 1407 conjecisse!

160 1417 227 1456 Qui
250 1423 320 1460 post
342 1417 535 1449 Hobbesium
555 1418 590 1448 in
610 1424 738 1448 mutuas
760 1417 944 1460 reipublicae
968 1419 1152 1460 civiumque
1175 1419 1310 1449 rationes
1333 1417 1442 1459 inqui-

116 1471 272 1509 siverunt,
296 1471 363 1501 fere
383 1482 491 1501 omnes
514 1471 649 1502 civitatis
672 1476 703 1501 et
727 1471 853 1513 imperii
873 1470 1085 1502 fundamenta
1105 1477 1282 1514 posuerunt
1304 1472 1338 1501 in
1364 1482 1442 1502 con—

117 1523 286 1562 ventione,
321 1523 412 1566 cujus
441 1529 547 1555 tamen
573 1525 636 1555 vim
665 1525 743 1555 varii
768 1525 854 1556 vario
879 1523 972 1554 modo
997 1524 1232 1567 explicuerunt.
1262 1524 1299 1554 In
1328 1523 1441 1567 Anglia

116 1574 234 1606 eaedem
249 1574 449 1617 publicarum
465 1587 573 1608 rerum
589 1577 783 1609 conditiones
793 1602 801 1617 ,
825 1589 896 1620 quae
912 1577 1104 1609 Hobbesium
1120 1579 1350 1617 excitaverant,
1367 1578 1442 1609 alios

116 1639 244 1670 quoque
261 1629 427 1671 scriptores
442 1631 585 1672 egregios
605 1631 821 1673 impulerunt,
843 1637 880 1662 ut
902 1637 1016 1663 mutua
1035 1631 1147 1674 populi
1167 1642 1199 1663 et
1213 1631 1439 1674 imperantium

116 1680 185 1724 ‘jura
205 1682 333 1712 rationis
349 1688 380 1713 et
393 1682 530 1714 historiae
551 1685 717 1726 praeceptis
737 1684 1002 1725 determinarent3
1022 1686 1106 1716 inter
1126 1697 1203 1728 quos
1218 1685 1441 1717 excelluerunt

120 1734 321 1776 Algerrzoon
345 1736 467 1777 Sidney
493 1742 525 1767 et
555 1737 740 1768 immortalis
767 1738 860 1769 famae
886 1739 1092 1781 philosophus
1107 1763 1114 1777 ‚
1143 1740 1289 1771 Joatznes
1318 1739 1438 1769 Locke.

118 1785 393 1824 Quemadmodum
418 1789 593 1821 Hobbesius
615 1791 708 1833 Regis
733 1802 857 1822 causam
879 1797 1003 1834 egerat,
1028 1792 1071 1822 ita
1092 1791 1127 1822 hi
1147 1792 1207 1823 viri
1232 1791 1343 1833 populi
1371 1792 1440 1822 An—

117 1839 192 1881 glici
222 1843 438 1873 auctoritatem
476 1843 700 1875 defenderunt.
741 1844 808 1875 Hoc
842 1844 962 1876 scilicet
990 1844 1119 1875 consilio
1150 1844 1258 1875 docuit
1290 1844 1436 1885 Siduey,

115 1902 296 1934 supremam
316 1901 500 1936 potestatem
520 1896 559 1927 ab
579 1897 701 1940 origine
718 1908 784 1928 esse
804 1897 931 1940 populi,
949 1898 1005 1940 qui
1023 1908 1093 1928 eam
1112 1896 1163 1928 vel
1183 1897 1249 1939 ipse
1269 1907 1436 1936 exercere,

114 1944 167 1976 vel
184 1945 252 1989 ejus
273 1949 459 1980 exercitium
480 1952 690 1982 conventione
709 1952 743 1981 in
763 1951 880 1994 Regem
902 1950 953 1984 vel
972 1950 1123 1981 Senatum
1142 1950 1312 1981 transferre
1329 1952 1436 1993 possit.

115 1997 225 2041 Itaque
252 2001 412 2044 principes
438 2008 624 2046 potestatem
648 2016 738 2036 suam
767 2016 784 2036 a
812 2004 931 2047 populo
955 2003 1089 2044 habere,
1120 2005 1172 2036 cui
1203 2003 1253 2047 jus
1279 2009 1437 2047 competat
