1747 2620
712 273 848 316 (121)

107 351 322 389 »sauciatus‚
353 348 512 393 trigesima
543 353 612 392 post
639 348 857 392 operationem
887 347 939 379 die
969 348 1002 378 in
1036 341 1177 378 sanitatis
1207 348 1446 392 propinquitate

107 417 125 437 ³)
142 404 343 444 versabatur3
372 405 568 446 omninoque
594 408 626 434 et
648 403 768 445 optime
799 401 864 433 fuit
893 407 965 444 post
993 401 1122 444 aliquod
1149 406 1275 444 tempus
1307 409 1444 434 sanatus.

107 471 126 490 ))
141 460 218 491 Haec
238 459 359 490 curatio
379 458 443 490 fuit
463 463 528 488 tam
549 457 719 500 conspicua
738 456 864 495 habita,
886 462 923 488 ut
943 456 1033 487 miles
1053 456 1125 496 ille,
1145 456 1271 499 integer
1291 455 1354 500 jam
1372 457 1447 488 red-

106 525 126 545 ))
142 514 243 553 ditus,
267 524 372 544 coram
393 512 542 543 societate
563 511 686 542 medica
707 509 924 553 apparuerit.’⁷
948 510 1023 541 Haec
1041 510 1105 554 jam
1127 509 1291 541 sufficiunt
1312 516 1349 541 ut
1369 522 1448 542 con—

105 567 237 599 cludere
252 577 429 610 possemus:
441 566 547 597 omnia
562 565 713 604 vulnera,
730 576 802 607 quae
820 575 952 606 corpore
964 564 1179 607 haeterogenio
1195 564 1446 607 complicantur,

106 621 249 653 absolute
271 619 401 652 lethalia
424 631 488 650 non
510 630 593 658 essee
615 619 730 661 hisque
752 618 846 649 facile
869 617 991 649 mederi
1013 629 1112 660 posse.

149 675 263 714 Quum
292 675 414 706 herniae
438 673 630 717 pulmonum
659 672 916 703 determinentur
944 671 1043 714 vulgo
1069 672 1262 704 sectionibus
1287 673 1447 716 parietum

105 729 272 769 Thoracis,
305 729 402 760 satius
432 729 512 760 duxi
538 728 577 759 de
607 726 669 758 illis
695 726 877 757 laesionibus
909 726 1106 757 mentionem
1137 726 1243 757 facere
1277 738 1379 769 quum
1408 726 1448 758 de

106 783 296 816 vulneribus
316 782 418 813 thecae
441 781 608 824 pectoralis
629 780 724 813 verba
747 781 879 812 fecerim
903 780 962 823 (1).

150 838 198 868 Ex
220 838 362 880 ipsorum
389 835 582 878 pulmonum
604 834 779 874 anatomia,
805 845 845 865 ex
871 833 1160 873 observationibus,
1187 846 1225 865 ex
1251 835 1448 878 optimorum

108 892 248 923 virorum
269 890 451 934 sententiis,
472 895 559 920 etex
579 888 628 919 his
647 900 719 931 quae
737 888 943 931 praecedunt,
963 888 1093 919 omnino
1115 888 1367 920 demonstratum
1384 895 1447 928 est,

105 945 241 977 vulnera
257 945 391 975 istorum
408 955 619 986 organorum,
633 943 779 985 quamvis
794 942 934 973 multum
950 942 1114 985 sanguinis
1130 942 1285 982 fundant,
1303 943 1448 985 quamvis

106 999 247 1030 multum
266 999 346 1029 ae'ris
366 997 588 1040 suppeditent,
608 1007 697 1039 posse
719 996 838 1039 optime
853 996 973 1037 sanari3
997 1002 1029 1027 et
1049 1001 1184 1027 mortem
1207 1007 1248 1027 ne
1272 1002 1350 1028 tunc
1373 997 1449 1040 qui-

106 1053 178 1085 dem
208 1053 384 1084 necessario
410 1052 634 1089 determinari,
658 1061 761 1092 quum
788 1062 903 1093 corpus
927 1050 1182 1093 haeterogenium
1205 1050 1255 1081 his
1279 1050 1446 1082 inhaereat.

105 1107 202 1139 Nunc
226 1106 333 1137 adhuc
354 1104 444 1136 nobis
469 1103 750 1135 determinandum
775 1110 888 1143 restat,
918 1115 1065 1147 quaenam
1091 1104 1283 1147 pulmonum
1306 1104 1448 1136 laesiones

104 1159 193 1192 haud
220 1158 409 1201 fugiendam
440 1163 575 1188 mortem
600 1168 666 1200 prae
695 1168 728 1188 se
754 1157 872 1188 ferant.
909 1157 1031 1188 Tamen
1064 1157 1117 1188 hic
1147 1157 1264 1189 addere
1294 1158 1448 1191 debemus

104 1213 144 1246 de
165 1212 369 1251 vulneribus,
392 1212 431 1243 de
448 1210 566 1255 quibus
587 1211 733 1254 proxime
753 1211 896 1253 egimus,
922 1212 1068 1253 quamvis
1089 1223 1154 1242 non
1175 1213 1389 1243 necessarium
1415 1219 1448 1244 et

105 1266 286 1299 absolutum
317 1265 444 1296 lethum
474 1265 706 1303 determinent,
735 1264 790 1294 illa
815 1270 923 1295 tamen
947 1265 982 1295 in
1012 1276 1045 1295 se
1073 1264 1191 1296 habere
1219 1271 1266 1296 sat
1291 1278 1447 1309 magnum

104 1320 288 1364 periculum
306 1325 344 1351 ut
364 1330 421 1362 per
436 1329 486 1358 se,
506 1324 538 1349 et
558 1317 656 1349 nullis
673 1317 741 1348 aliis
761 1317 987 1350 accedentibus
1002 1319 1120 1359 causis,
1142 1320 1216 1352 vitae
1232 1321 1448 1352 sauciatorum

105 1376 204 1406 finem
224 1375 408 1416 imponant,
432 1372 578 1415 adeoque
598 1371 798 1403 numeranda
820 1383 887 1403 esse
907 1373 992 1404 inter
1012 1372 1154 1404 laesiones
1176 1384 1234 1416 per
1253 1385 1285 1405 se
1301 1373 1445 1405 lethales.

148 1429 196 1460 Ut
215 1428 298 1460 bene
319 1438 482 1471 possemus
498 1426 679 1470 intelligere
700 1438 848 1469 quaenam
870 1426 1064 1470 pulmonum
1080 1426 1214 1459 vulnera
1233 1427 1447 1460 indubitalem

104 1489 177 1527 post
196 1494 228 1514 se
251 1482 381 1514 trahant
401 1487 555 1521 mortem,
580 1480 674 1512 liceat
694 1480 748 1512 hic
769 1480 874 1521 nobis,
901 1481 1070 1513 evidentiae
1090 1472 1207 1524 gratia,
1231 1481 1350 1512 iterum
1376 1493 1448 1513 me—

104 1537 250 1575 minisse,
282 1535 323 1567 ad
350 1541 475 1578 partem
505 1534 631 1566 circiter
660 1534 799 1566 mediam
827 1534 921 1566 faciei
951 1536 1087 1567 internae
1117 1535 1311 1578 pulmonum
1339 1535 1447 1567 adesse

105 1590 314 1622 insertionem
341 1588 571 1620 bronchiorum
604 1594 636 1620 et
664 1600 811 1621 vasorum
842 1588 1001 1633 majorum
1031 1589 1291 1632 sanguiferorum
1318 1589 1376 1633 (2).
1415 1590 1448 1621 Si

106 1650 215 1677 autem
244 1645 326 1675 ensis
352 1642 481 1675 aliudve
506 1643 758 1675 instrumentum
782 1643 972 1683 vulnerans,
1003 1644 1172 1675 transfosso
1197 1650 1328 1687 pectore
1352 1649 1450 1687 atque

104 1697 331 1742 pulmonibus,
357 1708 467 1730 versus
491 1696 620 1729 illorum
644 1697 784 1729 radicem
807 1709 913 1729 unum
932 1697 1080 1738 aliudve,
1104 1697 1156 1730 vel
1175 1697 1269 1740 plura
1291 1696 1449 1741 majorum

104 1765 254 1787 vasorum
284 1763 342 1784 seu
366 1752 625 1795 sanguiferorum
652 1763 710 1784 seu
737 1754 843 1784 aerem
871 1752 1062 1784 ducentium
1094 1750 1201 1791 laedit,
1236 1751 1352 1782 exinde
1377 1751 1449 1782 ine-

105 1806 236 1840 vitabile
263 1812 452 1850 sequeretur
482 1807 692 1850 repentinum
721 1813 754 1839 et
778 1807 877 1839 nullis
904 1806 1054 1838 remediis
1080 1805 1276 1838 movendum
1309 1805 1447 1837 lethum.

104 1860 189 1893 Illud
200 1861 247 1904 (3)
263 1861 396 1892 effatum
412 1861 608 1904 optimorum
620 1862 763 1894 virorum
778 1862 944 1893 sententiis
959 1860 1130 1892 suffultum
1145 1865 1208 1900 est,
1224 1859 1291 1902 ipsa
1306 1860 1446 1903 partium

167 1975 200 2005 (1)
218 1974 338 1998 Videatur
353 1975 442 2006 pagina
460 1976 534 2006 hujus
552 1977 639 2007 operis.

168 2016 200 2045 (2)
218 2014 339 2038 Videatur
355 2022 411 2045 pars
429 2017 575 2039 anatomica.

168 2056 200 2085 (5)
218 2054 322 2082 Fodere',
339 2054 357 2077 l.
372 2055 404 2081 1.‚
424 2059 482 2078 tom.
499 2057 533 2078 11.
554 2064 608 2087 pag.
624 2057 677 2079 533.
696 2057 789 2087 Boyer,
806 2056 823 2079 l.
837 2056 868 2085 l.‚
885 2060 944 2079 tom.
958 2056 1018 2080 V11.
1036 2064 1091 2087 pag,
1108 2056 1160 2079 260.
1180 2055 1331 2084 Bohuius,1.
1346 2055 1378 2084 1.,
1390 2062 1445 2086 pag.

108 2095 230 2125 261-269.
253 2094 423 2117 Dictionnaire
445 2094 485 2117 des
503 2095 605 2118 seiences
631 2096 709 2126 med„
735 2096 818 2120 article
841 2096 951 2119 blessure.
971 2096 1076 2127 Larrey,
1098 2096 1116 2119 l.
1136 2096 1166 2125 L,
1192 2101 1251 2119 tom.
1269 2097 1301 2118 ΙΙ.
1321 2103 1375 2126 pag.
1396 2095 1445 2118 158.

105 2135 224 2166 Metzger‚
243 2135 261 2159 l.
276 2135 308 2164 l.,
328 2142 383 2166 pag.
401 2135 442 2158 155
461 2139 485 2158 et
499 2135 577 2159 caeteri
584 2152 695 2159 ........
998 2164 1000 2166 ¹
1218 2137 1253 2165 16
