1747 2620
425 493 673 523 Junlclum
722 491 936 520 onnnvls
983 491 1527 520 JURISGONSUL'I'ORUM.

357 706 405 738 Ad
429 705 646 744 Quaestionem
673 702 712 734 ab
737 702 859 733 Ordine
882 702 1191 734 Jurisconsultorum
1216 703 1427 746 propositam:

400 771 419 790 ((
436 759 637 800 Exponatur
656 757 807 788 doctrina
832 756 872 787 de
897 755 1031 793 jar-ibas
1058 763 1291 788 extraneorum
1314 758 1348 788 in
1371 757 1533 801 Belgi0.”

356 814 429 846 Una
451 819 577 844 tantum
598 811 701 843 oblata
722 816 769 842 est
788 810 965 853 responsio,
991 810 1051 842 hoc
1078 810 1229 842 lemmate
1252 812 1419 854 insignita:

511 887 526 904 (ι
550 875 632 904 Cette
648 881 722 903 terre
740 873 925 913 hospitaliere
945 873 1041 902 offrira
1056 875 1186 913 toujours
1204 875 1367 914 protection
1386 881 1415 903 et
1434 875 1642 905 hienveiilance

472 936 487 952 »
509 926 524 952 'a
549 933 624 952 ceux
653 932 711 962 que
744 922 794 950 des
823 921 877 951 lois
909 921 1040 952 liberales
1074 930 1102 951 et
1128 934 1169 951 un
1203 923 1439 953 Gouvernement
1471 925 1601 963 paternei
1625 937 1645 965 y

471 984 486 1001 »
508 970 722 1014 appelleront.”

598 1022 712 1051 Rapport
727 1020 757 1042 de
772 1020 797 1043 la
815 1019 976 1042 Commission
990 1018 1094 1049 chalgee
1108 1020 1139 1041 de
1153 1020 1179 1042 lez
1194 1021 1302 1043 revision
1314 1022 1343 1043 de
1359 1022 1385 1044 la
1398 1022 1433 1044 ἰοί
1443 1022 1643 1051 fhndametztale.

353 1076 434 1114 Quae
464 1073 596 1118 quidem
624 1071 850 1104 commentatio
881 1070 985 1102 ordini
1015 1069 1162 1101 Jctorum
1192 1069 1236 1101 ita
1261 1080 1294 1100 se
1320 1071 1576 1111 commendavit,
1606 1077 1645 1103 ut

307 1129 439 1172 praemio
454 1127 549 1170 digna
569 1126 778 1171 judicaretur.
801 1125 920 1168 Aperta
940 1123 1091 1156 schedula
1112 1123 1231 1167 prodiit
1250 1134 1369 1155 nomen
1385 1125 1520 1156 ALBERTI
1538 1125 1645 1156 Gum-

308 1195 402 1223 nom,
432 1181 669 1220 Gandavensis‚
695 1180 730 1211 in
760 1179 930 1211 Academia
959 1184 1065 1210 nostra
1095 1176 1174 1222 juris
1206 1177 1386 1218 candidati,
1419 1179 1476 1221 qui
1504 1179 1644 1221 optimus

308 1236 452 1280 juveniS‚
478 1235 625 1267 examine
649 1233 775 1274 habito,
799 1244 913 1266 verum
936 1244 968 1264 se
990 1233 1077 1265 illius
1101 1237 1264 1264 auctorem
1285 1243 1352 1264 esse
1377 1231 1605 1275 comprobavit.

308 1356 1643 1373 Μ

430 1452 679 1483 nmmum!
726 1449 1049 1480 FAGULOEATIS
1097 1449 1508 1478 Pulnosoplucffl.

350 1623 437 1654 Ordo
474 1621 738 1666 philosophorum
777 1619 945 1650 certamini
979 1618 1099 1651 civium
1138 1618 1393 1650 academicorum
1432 1624 1640 1662 proposuerat

306 1677 494 1724 quaestiones
518 1682 582 1708 tres
599 1687 605 1706 z

348 1732 456 1763 Prima
482 1735 572 1762 erat:
609 1735 648 1760 ut
669 1732 911 1770 exponerentur
935 1732 968 1758 et
996 1727 1270 1758 examinarentur
1292 1727 1391 1758 varia
1419 1731 1638 1768 argumenta,

306 1785 430 1830 quibus
452 1783 652 1826 philosophi
684 1781 732 1812 ad
751 1779 963 1822 probandam
986 1781 1092 1811 animi
1112 1781 1400 1812 immortalitatem
1423 1781 1474 1811 uti
1496 1780 1639 1810 soleant.

349 1838 398 1870 Ad
421 1837 506 1868 hanc
530 1836 739 1880 quaestionem
761 1834 895 1878 juvenes
920 1835 1069 1877 quinque
1096 1835 1343 1878 responderunt.

349 1892 503 1925 Primam
528 1891 764 1934 responsionem
790 1889 846 1933 qui
871 1889 955 1919 misit
979 1888 1040 1920 hoc
1064 1889 1206 1932 symbolo
1230 1889 1433 1932 inscriptam:

507 1964 522 1983 «
546 1953 721 1993 Respublica
742 1952 870 1983 moribus
892 1963 925 1981 ac
945 1952 1057 1991 legibus
1077 1953 1167 1983 veluti
1190 1953 1323 1982 anchoris
1344 1952 1493 1982 tenetur.''

1334 2002 1516 2032 Montesquieu.

348 2045 521 2077 Levissime
547 2055 615 2075 rem
643 2043 807 2087 expedivit
832 2049 865 2074 et
893 2042 1051 2089 ejusmodi
1078 2043 1168 2075 nobis
1193 2043 1324 2075 tradidit
1353 2041 1638 2086 scriptiunculam,

305 2110 422 2142 quam,
457 2104 497 2131 ut
530 2098 741 2130 immaturum
776 2097 915 2139 foetum,
950 2098 1164 2142 seponendam
1200 2099 1306 2130 statim
1341 2104 1373 2130 et
1405 2095 1638 2141 reprobandam

305 2153 465 2186 duximus.
