1747 2620
887 231 988 273 (142

285 315 381 349 esset,
398 315 475 340 tunc
492 307 593 339 solum
610 312 740 350 propter
753 304 902 336 morbum
919 305 1123 343 existentem,
1140 303 1238 346 igitur
1254 313 1310 345 per
1325 302 1470 334 accidens
1483 301 1618 333 exitialis

285 363 458 402 censenda,
486 368 517 393 et
542 367 579 392 ut
603 360 750 402 exemplo
777 371 843 390 rein
870 359 1043 397 illustrem,
1075 367 1292 400 supponamus
1318 356 1423 387 virum
1446 354 1617 398 quemdam

285 417 406 451 vomica
423 418 454 447 in
472 414 678 458 pulmonibus
695 413 889 444 laborantem
903 413 1073 455 colaphum
1089 412 1121 442 in
1136 411 1263 442 dorsum
1276 410 1439 452 recipisse,
1452 410 1507 452 qui
1523 408 1621 452 hujus

285 477 454 514 rupturam
474 469 681 507 determinat,
697 467 792 497 homo
808 466 861 496 ifle
878 472 978 496 morte
995 465 1166 503 assicietur,
1182 475 1244 494 non
1262 469 1391 505 propter
1406 464 1505 494 ictum
1523 472 1620 505 quem

286 526 441 567 suscepit,
474 522 527 554 sed
553 528 683 565 propter
708 520 856 551 morbum
881 531 944 562 quo
967 519 1132 550 laboravit.
1166 518 1254 549 Nihil
1280 517 1376 548 habet
1399 516 1516 548 lethale
1540 517 1622 548 ictus

286 580 376 611 dorso
398 578 521 616 illatus,
537 582 677 607 attamen
698 575 731 605 in
748 574 970 617 praedispositis
986 572 1147 604 exitialem
1166 572 1402 614 liaemoptysim,
1423 577 1455 602 et
1470 571 1502 602 iu
1519 581 1622 601 aneu-

287 633 480 673 rysmaticis,
501 629 731 673 aneurysinatis
754 634 923 671 rupturam
947 637 1076 658 causare
1098 625 1191 658 valet.

304 671 311 677 ι
332 688 452 717 Praeter
468 696 504 716 ea
525 685 629 715 omnia
650 682 832 713 accedentia
850 681 908 711 alia
925 687 1017 720 sunt,
1033 692 1105 722 quae
1120 680 1252 711 sauciati
1267 680 1361 710 etiam
1380 678 1552 718 debentur,
1570 678 1623 709 illa

288 741 410 773 scilicet
425 740 528 771 onmia
547 750 617 781 quae
633 749 672 768 ex
689 736 868 779 aegrotantis
888 735 985 777 ipsius
1002 734 1118 777 agendi
1133 734 1254 765 ratione
1273 733 1449 776 profluunt.
1467 733 1625 771 Quaenani

288 794 432 839 pericula
453 805 470 825 e
488 792 635 836 pervers-21
652 790 766 833 agendi
782 791 903 821 ratione
920 799 1092 832 easurgere
1109 800 1171 819 non
1188 786 1341 830 possunt?
1357 787 1389 817 Si
1405 787 1476 829 quis
1491 785 1626 817 vulnere

290 849 457 892 perculsus
485 846 611 877 Baccho
636 845 774 875 nimium
801 843 948 885 indulget
974 848 1006 873 et
1027 843 1141 884 saepius
1166 841 1205 873 de
1227 841 1278 872 die
1302 840 1455 871 ebrietate
1482 838 1627 882 sepultus

291 904 392 947 jacet,
415 901 466 933 vcl
485 901 510 930 si
532 911 547 930 a
569 898 697 929 Venere
724 909 789 927 non
816 896 976 927 abstinens
998 895 1141 938 quotidie
1162 896 1245 927 vires
1265 906 1336 926 suas
1358 893 1524 933 exhaurit,
1549 894 1627 937 quid

291 955 407 988 exinde
429 953 597 985 turbarum
620 963 683 982 non
703 950 863 993 profluet?
886 950 1014 981 Vulnus
1030 949 1281 981 inflammabitur
1296 956 1426 992 propter
1444 949 1628 980 circulatio-

293 1021 366 1040 nem
387 1014 531 1046 auctam,
554 1005 784 1047 hacnmrrhagia
808 1003 857 1036 vel
878 1004 1088 1034 intensissima
1114 1003 1211 1035 febris
1232 1003 1318 1034 hunc
1339 1004 1529 1046 exagitabit,
1555 1015 1630 1034 san-

294 1064 400 1104 guinis
415 1062 537 1100 fluxus,
550 1061 606 1102 qui
623 1059 685 1102 jam
698 1058 855 1090 cohibitus
867 1058 945 1098 fuit,
961 1069 1070 1089 rursus
1083 1064 1186 1101 potest
1198 1059 1341 1100 incipere
1354 1064 1483 1101 propter
1498 1059 1631 1089 nimiam

295 1128 391 1155 iram,
413 1115 511 1146 animi
539 1114 720 1156 pathemata
742 1112 929 1150 esaltantia,
958 1123 1067 1143 omnes
1088 1112 1228 1154 denique
1253 1113 1352 1143 animi
1381 1119 1484 1143 motus
1507 1112 1632 1143 violen-

297 1173 402 1201 tiores:
426 1170 521 1200 etiam
539 1179 634 1209 quam
657 1167 833 1198 niaximum
852 1165 1004 1197 damnum
1024 1165 1236 1208 producetur,
1258 1167 1282 1197 si
1301 1178 1364 1197 non
1385 1166 1462 1198 adeo
1483 1172 1630 1209 prompte

297 1223 438 1254 medicus
468 1220 657 1258 advocatur,
691 1218 741 1250 vel
769 1219 793 1249 si
816 1218 959 1249 adstante
983 1218 1046 1261 jam
1072 1219 1147 1259 illo,
1173 1220 1333 1251 sauciatus
1361 1220 1500 1251 remedia
1526 1221 1632 1251 omnia

296 1283 393 1319 atque
415 1274 645 1306 medicamenta
668 1273 806 1314 respuit,
827 1271 946 1316 rejicit,
967 1271 1131 1314 repudiat:
1153 1273 1178 1303 si
1200 1273 1273 1304 talia
1289 1274 1446 1304 commisit
1466 1274 1633 1317 perculsus

297 1337 329 1362 et
349 1331 372 1361 si
397 1340 479 1360 mors
502 1329 645 1359 insecuta
665 1332 728 1366 est,
751 1338 816 1357 non
836 1326 974 1369 amplius
995 1326 1096 1366 laesio,
1122 1326 1318 1369 (dummodo
1339 1327 1508 1359 nobiliores
1528 1334 1633 1371 partes

298 1385 437 1428 graviter
457 1393 521 1413 nou
545 1380 722 1423 affecerit),
742 1379 796 1411 sed
815 1380 989 1422 ipsissimus
1009 1387 1163 1423 aegrotans
1185 1394 1251 1414 suae
1274 1383 1383 1414 mortis
1406 1394 1498 1414 causa
1522 1383 1634 1414 dicen—

299 1440 358 1471 dus
386 1444 442 1469 est.

343 1492 527 1524 Accidentia
552 1503 640 1523 nunc
664 1490 871 1534 persolvenda
892 1496 968 1522 sunt
988 1502 1059 1534 quae
1081 1497 1170 1522 extra
1193 1490 1303 1523 laesum
1328 1491 1435 1522 sedem
1458 1503 1548 1522 snam
1574 1491 1636 1522 ha-

301 1548 393 1586 bent,
418 1546 611 1577 circumfusa
631 1544 752 1576 scilicet
767 1545 890 1583 omnia,
915 1545 999 1575 inter
1018 1556 1090 1587 quae
1111 1547 1165 1576 ae'r
1186 1545 1437 1588 atmosphericus
1455 1545 1636 1589 principem

302 1602 408 1632 locum
434 1600 573 1638 obtinet,
599 1611 700 1642 quum
725 1598 780 1630 ille
802 1599 923 1630 nocivis
943 1604 975 1629 et
995 1600 1121 1630 sanitati
1142 1599 1265 1630 infestis
1289 1599 1459 1642 vaporibus
1483 1605 1636 1631 oneratur

302 1661 334 1685 et
355 1660 522 1696 gravatur,
542 1658 643 1683 tantos
661 1658 693 1683 et
709 1658 773 1683 tam
790 1652 887 1683 malos
903 1652 1036 1684 effectus
1052 1653 1084 1683 in
1100 1653 1200 1696 plagis
1217 1665 1367 1685 exercere
1387 1654 1488 1694 valet,
1507 1660 1544 1685 ut
1562 1653 1636 1686 vul-

303 1720 396 1747 nera,
414 1713 565 1738 caeterum
581 1706 663 1737 nihil
678 1706 803 1737 lethalis
815 1718 879 1749 prae
888 1717 920 1737 se
936 1707 1070 1738 ferentia
1080 1731 1088 1746 ,
1102 1707 1198 1738 vitam
1210 1713 1317 1738 tamen
1332 1709 1546 1739 sauciatorum
1562 1719 1636 1739 cum

306 1767 406 1793 morte
423 1766 566 1799 mutent,
587 1760 612 1790 si
631 1759 694 1790 tale
714 1759 792 1802 quid
807 1772 895 1791 nunc
915 1761 1030 1792 accidit
1050 1767 1081 1792 et
1096 1762 1120 1792 si
1137 1768 1267 1805 propter
1285 1761 1399 1793 malam
1421 1761 1638 1804 atmosphaerae

305 1816 563 1847 constitutionem
584 1813 801 1846 succumbunt
820 1814 912 1858 plaga
931 1815 1053 1855 affecti,
1077 1815 1202 1847 lethum
1225 1815 1305 1847 illud
1330 1815 1416 1847 haud
1439 1815 1564 1848 vulneri
1584 1815 1639 1846 sed

305 1870 467 1913 praecipue
494 1869 559 1898 aeri
584 1867 828 1899 adscribendum
858 1874 914 1899 est.
947 1868 1114 1899 Medicatio
1138 1869 1267 1900 tandem
1288 1869 1353 1912 ipsa
1376 1868 1547 1912 aliquando
1575 1880 1639 1900 non

309 1934 422 1966 parum
446 1922 572 1952 confert
590 1920 628 1951 ad
644 1921 768 1952 lethum
790 1921 1046 1964 provocandum:
1066 1924 1189 1954 incuria
1210 1929 1242 1954 et
1264 1923 1462 1954 medentium
1479 1923 1638 1966 imperitia

308 1976 428 2008 vulnus
445 1975 523 2006 adeo
543 1976 715 2006 immutare
731 1974 854 2014 valent,
871 1981 908 2006 ut
927 1976 1103 2008 innocuum
1125 1977 1176 2010 vel
1193 1977 1302 2008 saltem
1320 1977 1406 2009 haud
1422 1977 1638 2020 periculosum

307 2032 343 2062 in
362 2029 490 2063 exitiale
505 2034 735 2061 transmutent:
750 2029 895 2073 quaedam
915 2030 1083 2064 citavimus
1097 2031 1130 2063 in
1148 2031 1246 2063 hacce
1261 2031 1479 2063 dissertatione
1494 2030 1639 2074 exempla
