1747 2620
680 259 692 301 (
716 259 757 292 55
782 260 798 303 )

74 337 191 367 mentis
209 336 294 367 inter
316 345 382 366 sese
402 335 581 375 uniuntur,
605 340 642 366 ut
656 334 886 378 impulsionem
908 335 992 366 inter
1012 345 1045 366 se
1067 336 1299 376 transmittant,
1322 335 1414 381 cujus

74 390 122 423 vis
143 389 183 421 ab
203 389 268 421 una
287 389 326 421 ad
341 389 434 420 aliam
451 388 645 421 transeundo
664 389 884 429 imminuitur,
910 390 986 421 inde
1003 401 1101 433 quam
1122 390 1308 421 difficillime
1325 391 1415 422 fran-

74 451 198 488 guntur
221 443 391 477 vertebrae.
423 444 561 475 Possunt
580 450 688 475 tamen
716 444 850 477 diversae
874 445 1020 487 regiones
1046 444 1204 476 columnae
1229 443 1416 476 vertebralis

74 498 199 541 frangi,
221 497 275 529 sed
296 497 378 529 illud
399 498 600 540 potissimum
619 498 751 531 obvenit
767 499 802 530 in
824 499 954 542 regione
977 499 1091 531 dorsali
1106 499 1164 542 (1).
1188 498 1284 530 Nunc
1300 499 1415 538 unica,

74 563 164 583 nunc
185 558 293 583 autem
316 551 425 594 plures
447 552 618 593 vertebrae,
640 565 729 585 nunc
749 553 867 584 lamina
889 564 1017 593 earum,
1036 565 1125 585 nunc
1144 564 1220 586 vero
1241 552 1417 596 apophyses

74 606 224 648 spinosae,
243 606 346 636 rarius
363 611 548 638 transversae
569 607 711 638 fractura
728 613 939 649 rumpuntur.
962 607 1082 638 Fractis
1103 606 1274 646 vertebris,
1292 617 1418 648 semper

76 659 129 692 vel
154 670 286 702 corpore
313 659 485 703 frangente
511 661 723 693 contunditur
756 661 919 701 medulla,
955 660 1007 693 vel
1036 666 1234 693 extravasato
1262 660 1419 703 sanguine

76 714 318 756 comprimitur,
342 714 394 746 vel
415 715 509 746 osseis
528 715 717 758 fragmentis
739 715 901 755 irritatur,
923 714 975 747 vel
991 714 1131 757 denique
1152 714 1214 745 illis
1232 714 1420 757 fragmentis

76 767 254 807 laceratur,
279 779 351 810 quae
371 769 477 799 omnia
500 780 589 800 nunc
609 769 775 801 laesionum
798 780 915 813 genera
938 769 1147 812 persolvenda
1166 774 1253 800 sunt.

122 821 220 861 Quod
240 821 279 852 ad
300 822 437 864 primam
458 823 598 865 speciem
621 823 751 863 attinet,
776 822 905 867 jamjam
927 823 1015 855 illam
1034 822 1262 866 persolvimus,
1282 822 1421 865 loquen-

78 882 125 907 tes
146 876 186 908 de
206 876 396 908 vulneribus
417 888 489 920 quae
515 877 651 917 directe,
678 878 805 909 intactis
828 876 1000 917 vertebris,
1023 876 1199 908 medullam
1221 876 1353 907 laedunt.

122 930 206 961 Mors
229 936 334 973 potest
351 931 487 973 produci
508 937 541 962 et
563 931 632 962 fere
651 943 777 974 semper
792 931 999 974 producitur,
1021 931 1045 962 si
1067 937 1138 973 post
1158 931 1293 962 fractam
1314 936 1422 962 verte-

77 984 168 1015 bram
192 985 417 1026 comprimitur
444 985 602 1028 sanguine
623 985 675 1017 vel
698 985 767 1016 aliis
786 985 979 1017 humoribus
1007 985 1171 1026 medulla,
1201 985 1349 1028 illudque
1371 995 1423 1016 se·-

79 1038 192 1080 quenti
214 1037 434 1069 observatione
454 1038 608 1081 probatur
628 1039 687 1081 (2).
725 1051 743 1070 ))
759 1039 917 1082 Josephus
943 1039 1088 1083 Feugre,
1115 1039 1244 1070 robusta
1265 1039 1424 1070 constitu-

80 1102 99 1122 ))
115 1091 202 1122 tione
222 1091 375 1131 donatus,
394 1091 534 1134 podagra
553 1092 716 1123 laborabat
731 1099 763 1124 et
781 1104 848 1124 sese
862 1094 896 1124 in
917 1093 1016 1137 hujus
1037 1105 1227 1137 paroxysmo
1245 1104 1262 1124 e
1284 1093 1422 1123 fenestra

80 1155 100 1175 ))
114 1145 149 1175 in
169 1144 307 1176 humum
329 1144 447 1188 dejecit
459 1169 467 1184 ,
486 1156 550 1188 quo
566 1156 624 1188 per
642 1156 758 1177 novem
780 1145 873 1177 horas
894 1145 1009 1189 jacuit,
1026 1147 1061 1177 in
1084 1152 1209 1189 partem
1226 1147 1424 1189 superiorem

80 1210 100 1230 D
117 1198 276 1230 columnae
296 1198 484 1230 vertebralis
503 1200 699 1243 impegerat,
727 1211 896 1243 quumque
917 1201 1023 1243 ipsum
1044 1201 1212 1232 auferrent
1231 1201 1325 1232 amici
1346 1212 1425 1231 con—

79 1251 312 1295 »querebatur
344 1252 384 1284 de
411 1253 544 1295 ingente
568 1255 603 1284 in
629 1253 768 1285 brachiis
799 1254 929 1294 dolore3
964 1255 1182 1286 extremitates
1209 1255 1426 1286 abdominales

80 1316 100 1337 ))
116 1307 226 1337 sensus
246 1312 278 1337 et
293 1307 398 1337 motus
414 1306 581 1349 incapaces
601 1312 708 1346 erant,
729 1307 812 1337 sicut
826 1312 858 1337 et
872 1313 986 1339 venter
1001 1314 1034 1339 et
1049 1308 1195 1350 dorsum3
1218 1310 1321 1342 vesica
1341 1321 1426 1352 prae—-

80 1365 202 1390 »terea
224 1365 257 1390 et
277 1365 403 1390 rectum
425 1359 561 1403 paralysi
584 1366 730 1403 correpta
752 1366 854 1392 erant.
881 1362 918 1393 In
938 1363 1119 1394 nosocomio
1143 1363 1315 1395 translatus
1338 1364 1425 1403 fuit3

80 1424 99 1444 )›
115 1412 228 1456 pulsus
244 1419 313 1444 erat
328 1414 459 1444 omnino
478 1413 597 1454 bonus,
617 1415 784 1458 respiratio
802 1426 894 1456 sana,
916 1415 1061 1448 ciborum
1084 1418 1267 1460 appetentia
1289 1418 1424 1461 optima,

81 1478 101 1498 ))
116 1478 312 1510 somnusque
333 1467 489 1510 placidus.
512 1468 635 1507 Quinta
657 1474 727 1512 post
746 1469 871 1512 lapsum
892 1470 960 1510 die,
981 1472 1132 1514 apparuit
1148 1471 1187 1503 ad
1202 1484 1328 1504 sacrum
1345 1484 1426 1515 gan-

83 1532 102 1552 »
119 1532 260 1564 graenosa
280 1521 426 1561 eschara3
448 1522 637 1554 duodecima
658 1528 767 1554 autem
786 1523 838 1555 die
858 1524 1133 1568 interrumpendae
1153 1532 1244 1557 erant
1263 1526 1427 1557 frictiones

84 1585 103 1605 ³)
119 1576 194 1617 quia
218 1581 374 1617 aegrotum
396 1575 632 1620 defatigabant;
657 1577 824 1620 respiratio
849 1577 889 1609 ab
913 1589 951 1610 eo
972 1585 1117 1623 tempore
1145 1579 1303 1611 difficilior
1329 1581 1428 1612 evasit

83 1640 103 1660 ))
119 1634 152 1660 et
172 1628 420 1672 diaphragmatis
440 1636 566 1662 tantum
592 1642 652 1674 ope
676 1631 921 1675 perficiebatur,
943 1632 1048 1665 factus
1068 1640 1116 1665 est
1136 1633 1247 1677 pulsus
1271 1634 1428 1677 frequen-

85 1683 204 1722 »tior,
232 1684 331 1726 magis
355 1694 481 1726 semper
508 1685 673 1728 magisque
703 1686 880 1730 impeditur
904 1688 1088 1731 respiratio,
1118 1689 1335 1731 expectoratio
1364 1688 1427 1733 jam

87 1746 107 1766 ³)
123 1747 187 1767 non
206 1742 310 1780 potest
329 1738 458 1780 perfici,
484 1737 582 1769 facies
607 1739 741 1782 pallida,
765 1740 998 1784 decomposita3
1023 1741 1154 1773 brachia
1180 1742 1309 1773 tandem
1334 1754 1428 1785 para-

90 1798 109 1817 ))
122 1787 182 1831 lysi
203 1791 444 1834 corripiuntur,
475 1797 507 1823 et
531 1792 570 1823 ad
594 1793 732 1825 mediam
758 1795 885 1826 circiter
912 1801 1040 1827 noctem
1063 1796 1195 1828 decimae
1222 1797 1343 1839 quintae
1366 1797 1428 1829 diei

93 1851 112 1870 ))
128 1842 287 1874 extinctus
303 1843 403 1887 jacuit
419 1851 584 1888 aegrotans.
603 1846 708 1891 Hujus
723 1847 858 1881 cadaver
874 1849 1069 1881 monstrabat
1084 1851 1234 1893 exiguam
1248 1852 1427 1893 portionem

92 1905 111 1924 >³
127 1894 320 1938 apopliyseos
349 1899 482 1940 spinosae
510 1901 613 1932 tertiae
647 1902 803 1935 vertebrae
832 1903 962 1935 dorsalis
992 1904 1128 1935 fractam
1157 1911 1189 1936 et
1219 1906 1369 1938 rimulam
1394 1907 1426 1937 in

92 1957 111 1977 i>
127 1947 246 1979 lamina
268 1956 388 1992 quartae
409 1952 553 1997 ejusdem
577 1956 734 1999 regionis;
759 1956 835 1997 sed,
861 1956 948 1999 quod
968 1958 1158 2000 pessimum,
1181 1960 1298 1991 canalis
1321 1967 1427 1993 verte-

92 2021 1419 2041 Ἢ

150 2061 183 2090 (1)
201 2060 236 2083 De
252 2062 351 2094 Mussy,
370 2063 417 2087 lib.
438 2065 525 2095 1aud.,
543 2075 600 2098 pag.
625 2077 723 2099 19—20.

151 2101 183 2130 (2)
201 2100 272 2130 ibid,
398 2103 503 2135 ibidem,
544 2114 601 2138 pag.
618 2108 644 2131 6.
