1747 2620
906 249 1023 293 (94)

296 336 405 361 tamen
432 328 526 360 tantis
553 325 810 365 difficultatibus,
839 325 935 356 tantis
962 323 1116 367 angustiis
1139 324 1313 366 premitur,
1345 329 1382 355 ut
1408 335 1519 356 revera
1548 325 1632 356 inter

298 383 451 417 miracula
477 393 586 414 rerum
613 380 782 424 releganda
809 379 910 411 foret:
938 390 1012 409 nam
1038 378 1219 416 enimvero,
1245 388 1286 408 ne
1308 377 1479 420 loquamur
1504 379 1543 410 de
1565 379 1634 411 hae-

298 437 478 480 morrhagia
504 447 577 479 quae
605 434 722 466 oboriri
747 439 867 476 potest,
896 438 928 463 et
952 443 1025 474 quae
1051 430 1266 474 pericardium
1290 432 1447 473 sanguine
1472 432 1632 475 repleret,

300 493 368 524 fieri
393 491 524 523 omnino
545 494 664 532 potest,
686 493 724 518 ut
747 485 921 518 substantia
941 485 1044 516 cordis
1063 486 1097 516 in
1112 485 1180 527 ipso
1203 485 1345 517 vulneris
1360 485 1444 524 loco,
1471 497 1536 517 non
1560 487 1632 518 satis

298 556 446 588 magnam
466 543 635 575 reactionis
654 546 843 584 potestatem
863 545 972 570 contra
991 539 1155 582 sanguinis
1175 539 1350 582 impulsum
1371 539 1485 570 habeat
1506 546 1538 571 et
1564 547 1634 582 post

298 600 420 642 aliquot
442 597 508 628 dies
527 601 697 639 rumpatur
712 595 778 637 (1):
805 599 957 637 praeterea
983 605 1037 624 cor
1060 599 1191 636 propter
1211 594 1398 625 innumeros
1419 595 1536 638 quibus
1556 607 1633 638 per-

298 658 445 696 reptatur
470 661 585 682 nervos
609 649 724 692 magna
752 648 871 691 gaudet
901 646 1126 687 sensibilitate,
1153 649 1330 690 praesertim
1354 648 1393 680 ad
1416 648 1515 680 basim
1543 661 1634 681 suam

298 718 371 751 quae
394 706 494 749 plexu
515 703 660 735 cordiaco
683 702 916 734 circumdatur:
937 701 987 732 his
1007 700 1156 733 omnibus
1171 701 1354 733 addendum
1376 708 1424 733 est
1439 709 1579 743 motum,
1600 704 1634 735 in

299 773 363 805 quo
388 760 542 791 continuo
568 764 716 789 centrum
737 756 818 788 illud
847 756 1063 787 circulationis
1087 761 1247 795 versatur,
1275 755 1416 787 vulneris
1439 756 1498 787 sibi
1522 757 1637 788 inflicti

298 814 380 846 labia
409 823 535 855 semper
563 811 623 843 sub
651 811 836 842 dilatatione
863 810 919 841 sua
946 810 964 840 a
991 821 1023 841 se
1050 810 1188 841 invicem
1214 820 1394 849 semovere,
1425 810 1510 853 quod
1538 822 1636 854 quam

299 868 439 900 maxime
458 865 681 897 cicatrisationi
702 864 750 906 (2)
773 864 927 894 infestum
944 869 1006 902 est,
1025 869 1057 894 et
1073 875 1138 894 non
1159 863 1382 895 tantummodo
1399 865 1534 907 impedit
1553 876 1638 908 quo-

300 921 408 953 minus
423 919 667 962 agglutinentur
683 917 782 956 labia,
803 917 857 948 sed
873 918 968 948 etiam
987 917 1139 961 majorem
1155 928 1281 960 semper
1300 917 1518 961 majoremque
1532 919 1640 952 reddit

299 975 444 1008 vulneris
467 975 603 1005 hiatum.
629 972 718 1011 Quid
739 972 885 1016 adjiciam
907 971 947 1002 de
970 972 1146 1002 necessario
1170 970 1389 1003 subvenienda
1412 973 1446 1003 in
1468 973 1563 1004 eorde
1585 974 1639 1005 in-

300 1027 543 1062 flammatione?
569 1039 627 1070 per
649 1038 682 1058 se
708 1033 741 1058 et
764 1033 876 1069 sponte
902 1027 958 1058 sua
988 1032 1078 1069 patet
1101 1032 1230 1069 quantae
1254 1026 1373 1073 turbae,
1396 1028 1510 1069 quanti
1534 1033 1640 1060 motus

301 1084 469 1116 abnormes
489 1088 521 1114 et
545 1081 730 1112 oeconomiae
753 1080 950 1112 turbationes
971 1079 1088 1111 exinde
1112 1081 1204 1123 sequi
1228 1080 1376 1112 debeant.
1396 1081 1459 1112 Sed
1480 1081 1640 1125 quidquid

300 1137 335 1169 id
355 1143 416 1176 est,
437 1142 583 1168 auctores
603 1135 699 1167 multi
718 1135 765 1177 (3)
785 1140 947 1165 asserunt:
972 1133 1106 1166 vulnera
1125 1145 1198 1176 quae
1216 1134 1425 1166 substantiam
1446 1135 1549 1166 cordis
1567 1142 1640 1167 tan—

301 1190 469 1223 tummodo
484 1195 608 1227 secant,
628 1200 735 1231 neque
749 1189 783 1219 in
800 1188 943 1231 ejusdem
960 1199 1075 1219 cavum
1093 1193 1281 1230 penetrant,
1302 1187 1475 1230 aliquando
1492 1189 1640 1231 quidem,

302 1245 358 1276 sed
375 1244 533 1275 rarissime
551 1242 666 1273 sanari.
686 1242 727 1272 At
750 1253 824 1273 vero
844 1241 1020 1273 dummodo
1040 1241 1189 1284 quaedam
1212 1241 1294 1272 adsit
1316 1243 1487 1273 sanationis
1507 1243 1642 1286 possibi-

302 1299 390 1338 litas,
417 1297 506 1329 haud
527 1307 696 1340 possumus
720 1295 795 1327 talia
820 1295 955 1328 vulnera
980 1294 1020 1326 ad
1044 1293 1188 1326 absolute
1214 1294 1345 1326 lethalia
1369 1288 1523 1339 relegare.
1551 1296 1642 1329 Hanc

303 1353 488 1396 opinionem
509 1352 607 1383 etiam
631 1349 812 1382 Richerand
833 1350 880 1393 (4)
908 1349 1131 1393 amplectitur,
1157 1349 1303 1392 quinimo
1326 1356 1460 1382 testatur
1484 1352 1642 1383 rarissime

303 1406 483 1439 observatas
503 1405 601 1436 fuisse
618 1403 857 1443 convulsiones,
874 1414 1044 1447 syncopes,
1059 1403 1201 1446 aliasque
1216 1403 1399 1434 affectiones
1415 1405 1641 1446 spasmodicas,

304 1460 510 1502 declaratque
533 1458 691 1498 dolorem,
713 1459 769 1501 qui
790 1469 830 1489 ex
851 1457 954 1489 cordis
973 1457 1160 1489 substantiae
1176 1458 1311 1489 vulnere
1331 1457 1491 1498 oboritur,
1518 1458 1643 1491 levissi-

306 1526 396 1546 mum
418 1524 500 1552 esse,
522 1511 608 1555 quod
627 1511 666 1542 ab
688 1511 803 1555 exigua
821 1511 956 1555 hujusce
977 1510 1184 1542 sensibilitate
1204 1511 1345 1554 pendere
1363 1511 1458 1542 dicit:
1475 1511 1644 1554 (Harveus

307 1568 394 1599 enim
415 1566 547 1598 minima
568 1565 774 1598 sensibilitate
790 1577 844 1597 cor
864 1566 975 1597 donari
996 1566 1090 1609 vult)
1111 1565 1165 1597 sed
1181 1567 1236 1608 qui
1255 1565 1352 1596 semel
1369 1566 1475 1597 icones
1495 1579 1512 1597 a
1527 1567 1643 1611 Scarpa

308 1621 348 1653 de
368 1621 475 1652 nervis
495 1619 598 1651 cordis
616 1620 773 1662 organicis
788 1625 821 1651 et
837 1619 1051 1661 encephalicis
1068 1619 1167 1651 editas
1187 1620 1379 1662 inspexerit,
1402 1621 1454 1652 vix
1474 1622 1644 1664 concipere

308 1679 427 1718 potest,
444 1673 603 1716 quomodo
616 1673 790 1704 substantia
804 1673 905 1704 cordis
920 1674 1017 1716 possit
1030 1673 1164 1706 vulnere
1179 1672 1267 1712 laedi,
1280 1673 1359 1715 quin
1374 1673 1486 1704 eodem
1499 1680 1644 1717 tempore

309 1727 468 1760 laedantur
487 1725 585 1770 hujus
606 1726 714 1766 nervi3
736 1732 769 1757 et
788 1728 844 1769 qui
866 1738 1038 1759 nervorum
1061 1726 1201 1758 indolem
1221 1726 1392 1769 paululum
1409 1729 1550 1768 noverit,
1567 1740 1645 1771 per—

309 1782 388 1825 cipit
407 1786 547 1824 quantus
569 1779 675 1820 dolor,
700 1786 885 1824 quantaque
904 1780 1097 1812 abnormitas
1119 1781 1152 1812 in
1176 1781 1293 1812 horum
1320 1781 1487 1813 functione
1518 1793 1558 1813 ex
1583 1783 1644 1814 hac

317 1854 1635 1865 —————-—-—-—-—-.-.

370 1895 415 1924 (ι)
431 1894 523 1924 Boyer,
540 1893 634 1916 malad.
652 1892 780 1924 chirurg„
799 1897 860 1917 tom.
879 1894 940 1917 V11.
961 1901 1018 1925 pag.
1037 1894 1091 1917 266.

371 1934 416 1964 (2)
433 1933 469 1956 De
484 1934 572 1962 Senac,
591 1933 612 1956 l.
631 1933 669 1962 l.,
688 1938 749 1956 tom.
769 1935 805 1957 11.
827 1941 885 1965 pag.
904 1934 960 1957 428.

372 1974 418 2004 (5)
434 1973 587 2002 Richerand,
607 1974 628 1996 Ι.
648 1973 686 2003 1.,
711 1974 786 2004 chap.
804 1974 829 1997 4.
849 1982 904 2005 pag.
919 1975 944 1997 5.
968 1974 1062 2005 Boyer,
1078 1974 1098 1997 l.
1114 1974 1152 2004 l.‚
1178 1978 1239 1998 tom.
1256 1974 1318 1999 Vll.
1339 1982 1397 2006 pag.
1417 1975 1472 1998 266.
1503 1974 1539 1998 De
1556 1975 1643 2004 Senac,

313 2019 375 2039 tom.
394 2015 430 2037 11.
450 2022 507 2045 pag.
526 2014 582 2036 428.
605 2013 695 2043 Orfila,
713 2014 733 2037 l.
751 2015 790 2042 1.‚
810 2019 871 2038 tom.
891 2016 913 2037 1.
932 2022 990 2046 pag.
1004 2015 1063 2045 652,
1082 2019 1129 2038 etc.

373 2054 418 2085 (4)
434 2053 588 2084 Richerand,
601 2054 622 2077 l.
643 2054 679 2085 1.,
697 2054 771 2086 chap.
791 2055 817 2079 4.
839 2063 897 2087 pag.
916 2056 942 2079 5.

575 2197 583 2203 ἡ
617 2173 640 2195 «5
