<?xml version="1.0" encoding="UTF-8"?>
<!DOCTYPE html PUBLIC "-//W3C//DTD XHTML 1.0 Transitional//EN"
    "http://www.w3.org/TR/xhtml1/DTD/xhtml1-transitional.dtd">
<html xmlns="http://www.w3.org/1999/xhtml" xml:lang="en" lang="en">
 <head>
  <title>
</title>
<meta http-equiv="Content-Type" content="text/html;charset=utf-8" />
  <meta name='ocr-system' content='tesseract 3.04.00' />
  <meta name='ocr-capabilities' content='ocr_page ocr_carea ocr_par ocr_line ocrx_word'/>
</head>
<body>
  <div class='ocr_page' id='page_1' title='image "annalesacademiae00acad_0114.png"; bbox 0 0 1747 2620; ppageno 0'>
   <div class='ocr_carea' id='block_1_1' title="bbox 888 292 1000 336">
    <p class='ocr_par' dir='ltr' id='par_1_1' title="bbox 888 292 1000 336">
     <span class='ocr_line' id='line_1_1' title="bbox 888 292 1000 336; baseline 0.009 -2"><span class='ocrx_word' id='word_1_1' title='bbox 888 292 1000 336; x_wconf 73' lang='grc'>(46)</span> 
     </span>
    </p>
   </div>
   <div class='ocr_carea' id='block_1_2' title="bbox 276 365 1615 900">
    <p class='ocr_par' dir='ltr' id='par_1_2' title="bbox 279 365 1615 575">
     <span class='ocr_line' id='line_1_2' title="bbox 280 365 1615 414; baseline -0.001 -11"><span class='ocrx_word' id='word_1_2' title='bbox 280 382 383 414; x_wconf 88' lang='lat' dir='ltr'>nuper</span> <span class='ocrx_word' id='word_1_3' title='bbox 403 370 497 401; x_wconf 83' lang='lat' dir='ltr'>etiam</span> <span class='ocrx_word' id='word_1_4' title='bbox 519 368 645 400; x_wconf 78' lang='lat' dir='ltr'>invictis</span> <span class='ocrx_word' id='word_1_5' title='bbox 664 367 860 410; x_wconf 81' lang='lat' dir='ltr'>argumentis</span> <span class='ocrx_word' id='word_1_6' title='bbox 879 365 1026 409; x_wconf 84' lang='lat' dir='ltr'>probavit</span> <span class='ocrx_word' id='word_1_7' title='bbox 1046 365 1092 396; x_wconf 88' lang='lat' dir='ltr'>Cl.</span> <span class='ocrx_word' id='word_1_8' title='bbox 1110 365 1196 398; x_wconf 88' lang='lat' dir='ltr'>Haus</span> <span class='ocrx_word' id='word_1_9' title='bbox 1216 366 1274 409; x_wconf 86' lang='lat'>(1).</span> <span class='ocrx_word' id='word_1_10' title='bbox 1301 367 1507 411; x_wconf 84' lang='lat' dir='ltr'>Quapropter</span> <span class='ocrx_word' id='word_1_11' title='bbox 1528 368 1615 401; x_wconf 84' lang='lat' dir='ltr'>haud</span> 
     </span>
     <span class='ocr_line' id='line_1_3' title="bbox 279 419 1615 466; baseline -0.002 -8"><span class='ocrx_word' id='word_1_12' title='bbox 279 438 370 458; x_wconf 81' lang='lat' dir='ltr'>secus</span> <span class='ocrx_word' id='word_1_13' title='bbox 398 437 433 456; x_wconf 87' lang='lat' dir='ltr'>ac</span> <span class='ocrx_word' id='word_1_14' title='bbox 462 424 583 466; x_wconf 82' lang='lat' dir='ltr'>reliqua</span> <span class='ocrx_word' id='word_1_15' title='bbox 611 422 765 465; x_wconf 85' lang='lat' dir='ltr'>adquisita</span> <span class='ocrx_word' id='word_1_16' title='bbox 795 421 912 453; x_wconf 88' lang='lat' dir='ltr'>civium</span> <span class='ocrx_word' id='word_1_17' title='bbox 942 419 1029 464; x_wconf 83' lang='lat' dir='ltr'>jura,</span> <span class='ocrx_word' id='word_1_18' title='bbox 1064 421 1222 451; x_wconf 76' lang='lat' dir='ltr'>extraneis</span> <span class='ocrx_word' id='word_1_19' title='bbox 1252 422 1450 454; x_wconf 70' lang='lat' dir='ltr'>territorium</span> <span class='ocrx_word' id='word_1_20' title='bbox 1480 424 1615 455; x_wconf 89' lang='lat' dir='ltr'>civitatis</span> 
     </span>
     <span class='ocr_line' id='line_1_4' title="bbox 279 474 1615 523; baseline -0.002 -11"><span class='ocrx_word' id='word_1_21' title='bbox 279 480 402 523; x_wconf 77' lang='lat' dir='ltr'>ingredi</span> <span class='ocrx_word' id='word_1_22' title='bbox 426 477 645 521; x_wconf 62' lang='lat' dir='ltr'>cupientibus,</span> <span class='ocrx_word' id='word_1_23' title='bbox 666 474 811 517; x_wconf 66' lang='lat' dir='ltr'>expressa</span> <span class='ocrx_word' id='word_1_24' title='bbox 834 474 1032 513; x_wconf 72' lang='lat' dir='ltr'>conditione,</span> <span class='ocrx_word' id='word_1_25' title='bbox 1054 474 1151 505; x_wconf 84' lang='lat' dir='ltr'>adimi</span> <span class='ocrx_word' id='word_1_26' title='bbox 1169 481 1224 506; x_wconf 86' lang='lat' dir='ltr'>aut</span> <span class='ocrx_word' id='word_1_27' title='bbox 1240 475 1363 518; x_wconf 83' lang='lat' dir='ltr'>potius,</span> <span class='ocrx_word' id='word_1_28' title='bbox 1381 487 1444 507; x_wconf 90' lang='lat' dir='ltr'>non</span> <span class='ocrx_word' id='word_1_29' title='bbox 1466 488 1615 509; x_wconf 85' lang='lat' dir='ltr'>commu-</span> 
     </span>
     <span class='ocr_line' id='line_1_5' title="bbox 279 534 515 575; baseline -0.017 -10"><span class='ocrx_word' id='word_1_30' title='bbox 279 534 378 565; x_wconf 86' lang='lat' dir='ltr'>nicari</span> <span class='ocrx_word' id='word_1_31' title='bbox 404 537 515 575; x_wconf 83' lang='lat' dir='ltr'>potest.</span> 
     </span>
    </p>

    <p class='ocr_par' dir='ltr' id='par_1_3' title="bbox 276 580 1614 900">
     <span class='ocr_line' id='line_1_6' title="bbox 323 580 1614 630; baseline -0.001 -12"><span class='ocrx_word' id='word_1_32' title='bbox 323 588 434 630; x_wconf 86' lang='lat' dir='ltr'>Itaque</span> <span class='ocrx_word' id='word_1_33' title='bbox 456 595 581 616; x_wconf 88' lang='lat' dir='ltr'>summo</span> <span class='ocrx_word' id='word_1_34' title='bbox 602 581 748 614; x_wconf 74' lang='lat' dir='ltr'>rationali</span> <span class='ocrx_word' id='word_1_35' title='bbox 773 580 845 625; x_wconf 82' lang='lat' dir='ltr'>jure</span> <span class='ocrx_word' id='word_1_36' title='bbox 864 580 1016 624; x_wconf 85' lang='lat' dir='ltr'>albinagii</span> <span class='ocrx_word' id='word_1_37' title='bbox 1035 580 1085 625; x_wconf 87' lang='lat' dir='ltr'>jus</span> <span class='ocrx_word' id='word_1_38' title='bbox 1106 582 1278 615; x_wconf 83' lang='lat' dir='ltr'>fundatum</span> <span class='ocrx_word' id='word_1_39' title='bbox 1300 589 1357 615; x_wconf 89' lang='lat' dir='ltr'>est.</span> <span class='ocrx_word' id='word_1_40' title='bbox 1382 583 1506 615; x_wconf 88' lang='lat' dir='ltr'>Verum</span> <span class='ocrx_word' id='word_1_41' title='bbox 1532 584 1614 617; x_wconf 82' lang='lat' dir='ltr'>illud</span> 
     </span>
     <span class='ocr_line' id='line_1_7' title="bbox 279 635 1614 679; baseline -0.001 -6"><span class='ocrx_word' id='word_1_42' title='bbox 279 644 311 673; x_wconf 87' lang='lat' dir='ltr'>in</span> <span class='ocrx_word' id='word_1_43' title='bbox 332 641 410 673; x_wconf 87' lang='lat' dir='ltr'>votis</span> <span class='ocrx_word' id='word_1_44' title='bbox 428 638 616 676; x_wconf 78' lang='lat' dir='ltr'>habeamus,</span> <span class='ocrx_word' id='word_1_45' title='bbox 639 642 676 668; x_wconf 88' lang='lat' dir='ltr'>ut</span> <span class='ocrx_word' id='word_1_46' title='bbox 698 641 859 667; x_wconf 76' lang='lat' dir='ltr'>crescente</span> <span class='ocrx_word' id='word_1_47' title='bbox 875 635 976 666; x_wconf 84' lang='lat' dir='ltr'>indies</span> <span class='ocrx_word' id='word_1_48' title='bbox 994 636 1187 679; x_wconf 87' lang='lat' dir='ltr'>populorum</span> <span class='ocrx_word' id='word_1_49' title='bbox 1204 638 1410 677; x_wconf 82' lang='lat' dir='ltr'>commercio,</span> <span class='ocrx_word' id='word_1_50' title='bbox 1437 638 1523 670; x_wconf 84' lang='lat' dir='ltr'>illius</span> <span class='ocrx_word' id='word_1_51' title='bbox 1538 651 1614 671; x_wconf 89' lang='lat' dir='ltr'>usus</span> 
     </span>
     <span class='ocr_line' id='line_1_8' title="bbox 278 689 1613 738; baseline -0.001 -12"><span class='ocrx_word' id='word_1_52' title='bbox 278 706 373 738; x_wconf 86' lang='lat' dir='ltr'>quam</span> <span class='ocrx_word' id='word_1_53' title='bbox 391 693 563 724; x_wconf 83' lang='lat' dir='ltr'>arctissime</span> <span class='ocrx_word' id='word_1_54' title='bbox 578 691 805 732; x_wconf 75' lang='lat' dir='ltr'>restringatur,</span> <span class='ocrx_word' id='word_1_55' title='bbox 821 690 846 720; x_wconf 89' lang='lat' dir='ltr'>si</span> <span class='ocrx_word' id='word_1_56' title='bbox 862 689 956 721; x_wconf 87' lang='lat' dir='ltr'>modo</span> <span class='ocrx_word' id='word_1_57' title='bbox 977 690 1042 721; x_wconf 93' lang='lat' dir='ltr'>tolli</span> <span class='ocrx_word' id='word_1_58' title='bbox 1061 703 1189 734; x_wconf 89' lang='lat' dir='ltr'>prorsus</span> <span class='ocrx_word' id='word_1_59' title='bbox 1207 699 1358 735; x_wconf 85' lang='lat' dir='ltr'>nequeat.</span> <span class='ocrx_word' id='word_1_60' title='bbox 1381 693 1613 736; x_wconf 81' lang='lat' dir='ltr'>Angustissimo</span> 
     </span>
     <span class='ocr_line' id='line_1_9' title="bbox 278 744 1613 790; baseline -0.001 -9"><span class='ocrx_word' id='word_1_61' title='bbox 278 755 384 781; x_wconf 86' lang='lat' dir='ltr'>autem</span> <span class='ocrx_word' id='word_1_62' title='bbox 407 748 485 790; x_wconf 78' lang='lat' dir='ltr'>Regi</span> <span class='ocrx_word' id='word_1_63' title='bbox 507 752 612 777; x_wconf 89' lang='lat' dir='ltr'>nostro</span> <span class='ocrx_word' id='word_1_64' title='bbox 634 745 754 777; x_wconf 88' lang='lat' dir='ltr'>debitas</span> <span class='ocrx_word' id='word_1_65' title='bbox 776 744 994 787; x_wconf 77' lang='lat' dir='ltr'>persolvamus</span> <span class='ocrx_word' id='word_1_66' title='bbox 1018 751 1138 788; x_wconf 85' lang='lat' dir='ltr'>grates,</span> <span class='ocrx_word' id='word_1_67' title='bbox 1163 745 1249 788; x_wconf 92' lang='lat' dir='ltr'>quod</span> <span class='ocrx_word' id='word_1_68' title='bbox 1273 758 1348 778; x_wconf 88' lang='lat' dir='ltr'>cum</span> <span class='ocrx_word' id='word_1_69' title='bbox 1371 747 1519 779; x_wconf 87' lang='lat' dir='ltr'>omnibus</span> <span class='ocrx_word' id='word_1_70' title='bbox 1544 748 1613 779; x_wconf 90' lang='lat' dir='ltr'>fere</span> 
     </span>
     <span class='ocr_line' id='line_1_10' title="bbox 276 798 1613 845; baseline -0.001 -11"><span class='ocrx_word' id='word_1_71' title='bbox 276 804 417 845; x_wconf 84' lang='lat' dir='ltr'>Europae</span> <span class='ocrx_word' id='word_1_72' title='bbox 443 800 625 832; x_wconf 86' lang='lat' dir='ltr'>nationibus</span> <span class='ocrx_word' id='word_1_73' title='bbox 651 798 775 830; x_wconf 84' lang='lat' dir='ltr'>foedera</span> <span class='ocrx_word' id='word_1_74' title='bbox 804 798 950 839; x_wconf 80' lang='lat' dir='ltr'>iniverit‚</span> <span class='ocrx_word' id='word_1_75' title='bbox 981 805 1019 830; x_wconf 89' lang='lat' dir='ltr'>ut</span> <span class='ocrx_word' id='word_1_76' title='bbox 1042 800 1134 830; x_wconf 81' lang='lat' dir='ltr'>invisi</span> <span class='ocrx_word' id='word_1_77' title='bbox 1161 800 1247 831; x_wconf 82' lang='lat' dir='ltr'>illius</span> <span class='ocrx_word' id='word_1_78' title='bbox 1275 800 1353 845; x_wconf 88' lang='lat' dir='ltr'>juris</span> <span class='ocrx_word' id='word_1_79' title='bbox 1379 802 1570 833; x_wconf 82' lang='lat' dir='ltr'>exercitium</span> <span class='ocrx_word' id='word_1_80' title='bbox 1596 814 1613 833; x_wconf 86' lang='lat' dir='ltr'>a</span> 
     </span>
     <span class='ocr_line' id='line_1_11' title="bbox 276 853 1246 900; baseline -0.004 -12"><span class='ocrx_word' id='word_1_81' title='bbox 276 857 382 900; x_wconf 76' lang='lat' dir='ltr'>Belgis</span> <span class='ocrx_word' id='word_1_82' title='bbox 402 861 434 887; x_wconf 77' lang='lat' dir='ltr'>et</span> <span class='ocrx_word' id='word_1_83' title='bbox 453 854 603 886; x_wconf 84' lang='lat' dir='ltr'>adversus</span> <span class='ocrx_word' id='word_1_84' title='bbox 623 853 736 896; x_wconf 82' lang='lat' dir='ltr'>Belgas</span> <span class='ocrx_word' id='word_1_85' title='bbox 758 859 871 884; x_wconf 85' lang='lat' dir='ltr'>mutuo</span> <span class='ocrx_word' id='word_1_86' title='bbox 894 864 1050 885; x_wconf 90' lang='lat' dir='ltr'>consensu</span> <span class='ocrx_word' id='word_1_87' title='bbox 1070 854 1246 884; x_wconf 87' lang='lat' dir='ltr'>omittatur.</span> 
     </span>
    </p>
   </div>
   <div class='ocr_carea' id='block_1_3' title="bbox 272 949 1633 1642">
    <p class='ocr_par' dir='ltr' id='par_1_4' title="bbox 275 949 1615 1209">
     <span class='ocr_line' id='line_1_12' title="bbox 319 949 1614 992; baseline 0.001 -9"><span class='ocrx_word' id='word_1_88' title='bbox 319 952 442 983; x_wconf 84' lang='lat' dir='ltr'>XXIV.</span> <span class='ocrx_word' id='word_1_89' title='bbox 481 950 631 981; x_wconf 79' lang='lat' dir='ltr'>Admissis</span> <span class='ocrx_word' id='word_1_90' title='bbox 654 955 762 980; x_wconf 80' lang='lat' dir='ltr'>autem</span> <span class='ocrx_word' id='word_1_91' title='bbox 797 950 828 980; x_wconf 78' lang='lat' dir='ltr'>vi</span> <span class='ocrx_word' id='word_1_92' title='bbox 858 949 1022 981; x_wconf 85' lang='lat' dir='ltr'>foederum</span> <span class='ocrx_word' id='word_1_93' title='bbox 1050 950 1088 981; x_wconf 84' lang='lat' dir='ltr'>ad</span> <span class='ocrx_word' id='word_1_94' title='bbox 1117 951 1262 982; x_wconf 79' lang='lat' dir='ltr'>extranei</span> <span class='ocrx_word' id='word_1_95' title='bbox 1289 950 1518 992; x_wconf 76' lang='lat' dir='ltr'>hereditatem,</span> <span class='ocrx_word' id='word_1_96' title='bbox 1547 954 1614 986; x_wconf 88' lang='lat' dir='ltr'>sive</span> 
     </span>
     <span class='ocr_line' id='line_1_13' title="bbox 276 1002 1614 1049; baseline 0.001 -11"><span class='ocrx_word' id='word_1_97' title='bbox 276 1007 468 1049; x_wconf 81' lang='lat' dir='ltr'>legitimam,</span> <span class='ocrx_word' id='word_1_98' title='bbox 488 1004 553 1035; x_wconf 89' lang='lat' dir='ltr'>sive</span> <span class='ocrx_word' id='word_1_99' title='bbox 569 1002 857 1043; x_wconf 79' lang='lat' dir='ltr'>testamentariam,</span> <span class='ocrx_word' id='word_1_100' title='bbox 874 1004 1068 1046; x_wconf 83' lang='lat' dir='ltr'>peregrinis,</span> <span class='ocrx_word' id='word_1_101' title='bbox 1089 1003 1139 1046; x_wconf 88' lang='lat' dir='ltr'>jus</span> <span class='ocrx_word' id='word_1_102' title='bbox 1155 1006 1360 1036; x_wconf 79' lang='lat' dir='ltr'>successionis</span> <span class='ocrx_word' id='word_1_103' title='bbox 1375 1007 1409 1036; x_wconf 87' lang='lat' dir='ltr'>in</span> <span class='ocrx_word' id='word_1_104' title='bbox 1428 1006 1509 1037; x_wconf 83' lang='lat' dir='ltr'>bona</span> <span class='ocrx_word' id='word_1_105' title='bbox 1528 1007 1614 1039; x_wconf 86' lang='lat' dir='ltr'>illius</span> 
     </span>
     <span class='ocr_line' id='line_1_14' title="bbox 276 1056 1615 1102; baseline -0.001 -10"><span class='ocrx_word' id='word_1_106' title='bbox 276 1062 349 1092; x_wconf 82' lang='lat' dir='ltr'>fisco</span> <span class='ocrx_word' id='word_1_107' title='bbox 373 1057 619 1102; x_wconf 86' lang='lat' dir='ltr'>persolvendum</span> <span class='ocrx_word' id='word_1_108' title='bbox 648 1062 711 1095; x_wconf 86' lang='lat' dir='ltr'>est,</span> <span class='ocrx_word' id='word_1_109' title='bbox 737 1067 845 1099; x_wconf 87' lang='lat' dir='ltr'>neque</span> <span class='ocrx_word' id='word_1_110' title='bbox 871 1057 910 1088; x_wconf 91' lang='lat' dir='ltr'>de</span> <span class='ocrx_word' id='word_1_111' title='bbox 940 1056 1159 1088; x_wconf 86' lang='lat' dir='ltr'>immobilibus</span> <span class='ocrx_word' id='word_1_112' title='bbox 1184 1063 1329 1099; x_wconf 82' lang='lat' dir='ltr'>tantum⁷</span> <span class='ocrx_word' id='word_1_113' title='bbox 1357 1069 1472 1091; x_wconf 89' lang='lat' dir='ltr'>verum</span> <span class='ocrx_word' id='word_1_114' title='bbox 1496 1060 1615 1099; x_wconf 79' lang='lat' dir='ltr'>etiam,</span> 
     </span>
     <span class='ocr_line' id='line_1_15' title="bbox 276 1110 1615 1155; baseline -0.001 -9"><span class='ocrx_word' id='word_1_115' title='bbox 276 1114 369 1146; x_wconf 90' lang='lat' dir='ltr'>modo</span> <span class='ocrx_word' id='word_1_116' title='bbox 402 1118 575 1144; x_wconf 74' lang='lat' dir='ltr'>extraneus</span> <span class='ocrx_word' id='word_1_117' title='bbox 604 1110 803 1142; x_wconf 87' lang='lat' dir='ltr'>domicilium</span> <span class='ocrx_word' id='word_1_118' title='bbox 834 1110 900 1142; x_wconf 86' lang='lat' dir='ltr'>sive</span> <span class='ocrx_word' id='word_1_119' title='bbox 931 1110 1039 1141; x_wconf 87' lang='lat' dir='ltr'>sedem</span> <span class='ocrx_word' id='word_1_120' title='bbox 1071 1110 1277 1142; x_wconf 86' lang='lat' dir='ltr'>fortunarum</span> <span class='ocrx_word' id='word_1_121' title='bbox 1307 1123 1438 1143; x_wconf 78' lang='lat' dir='ltr'>suarum</span> <span class='ocrx_word' id='word_1_122' title='bbox 1470 1117 1615 1155; x_wconf 84' lang='lat' dir='ltr'>tempore</span> 
     </span>
     <span class='ocr_line' id='line_1_16' title="bbox 275 1163 1213 1209; baseline -0.005 -9"><span class='ocrx_word' id='word_1_123' title='bbox 275 1169 384 1200; x_wconf 85' lang='lat' dir='ltr'>mortis</span> <span class='ocrx_word' id='word_1_124' title='bbox 405 1167 439 1198; x_wconf 86' lang='lat' dir='ltr'>in</span> <span class='ocrx_word' id='word_1_125' title='bbox 460 1177 557 1209; x_wconf 86' lang='lat' dir='ltr'>regno</span> <span class='ocrx_word' id='word_1_126' title='bbox 577 1164 743 1204; x_wconf 80' lang='lat' dir='ltr'>habuerit,</span> <span class='ocrx_word' id='word_1_127' title='bbox 765 1164 805 1195; x_wconf 93' lang='lat' dir='ltr'>de</span> <span class='ocrx_word' id='word_1_128' title='bbox 824 1163 920 1195; x_wconf 89' lang='lat' dir='ltr'>rebus</span> <span class='ocrx_word' id='word_1_129' title='bbox 940 1163 1010 1207; x_wconf 86' lang='lat' dir='ltr'>ejus</span> <span class='ocrx_word' id='word_1_130' title='bbox 1030 1163 1213 1196; x_wconf 87' lang='lat' dir='ltr'>mobilibus.</span> 
     </span>
    </p>

    <p class='ocr_par' dir='ltr' id='par_1_5' title="bbox 272 1218 1633 1642">
     <span class='ocr_line' id='line_1_17' title="bbox 319 1218 1633 1261; baseline -0.001 -9"><span class='ocrx_word' id='word_1_131' title='bbox 319 1221 508 1261; x_wconf 86' lang='lat' dir='ltr'>Quinimmo</span> <span class='ocrx_word' id='word_1_132' title='bbox 528 1230 566 1250; x_wconf 75' lang='lat' dir='ltr'>ex</span> <span class='ocrx_word' id='word_1_133' title='bbox 582 1225 641 1249; x_wconf 85' lang='lat' dir='ltr'>art.</span> <span class='ocrx_word' id='word_1_134' title='bbox 666 1220 703 1249; x_wconf 83' lang='lat'>11</span> <span class='ocrx_word' id='word_1_135' title='bbox 722 1224 755 1249; x_wconf 83' lang='lat' dir='ltr'>et</span> <span class='ocrx_word' id='word_1_136' title='bbox 771 1218 835 1252; x_wconf 74' lang='lat'>726</span> <span class='ocrx_word' id='word_1_137' title='bbox 852 1218 886 1249; x_wconf 86' lang='lat' dir='ltr'>C.</span> <span class='ocrx_word' id='word_1_138' title='bbox 906 1218 974 1249; x_wconf 81' lang='lat' dir='ltr'>Civ.</span> <span class='ocrx_word' id='word_1_139' title='bbox 993 1224 1094 1260; x_wconf 84' lang='lat' dir='ltr'>patet,</span> <span class='ocrx_word' id='word_1_140' title='bbox 1117 1219 1237 1261; x_wconf 83' lang='lat' dir='ltr'>quaevis</span> <span class='ocrx_word' id='word_1_141' title='bbox 1256 1218 1327 1261; x_wconf 83' lang='lat' dir='ltr'>jura</span> <span class='ocrx_word' id='word_1_142' title='bbox 1347 1219 1480 1258; x_wconf 82' lang='lat' dir='ltr'>fiscalia,</span> <span class='ocrx_word' id='word_1_143' title='bbox 1497 1219 1615 1261; x_wconf 87' lang='lat' dir='ltr'>quibus</span> <span class='ocrx_word' id='word_1_144' title='bbox 1631 1231 1633 1233; x_wconf 90' lang='lat'>·</span> 
     </span>
     <span class='ocr_line' id='line_1_18' title="bbox 275 1271 1614 1316; baseline -0.002 -9"><span class='ocrx_word' id='word_1_145' title='bbox 275 1276 376 1307; x_wconf 84' lang='lat' dir='ltr'>aliena</span> <span class='ocrx_word' id='word_1_146' title='bbox 394 1286 470 1316; x_wconf 85' lang='lat' dir='ltr'>gens</span> <span class='ocrx_word' id='word_1_147' title='bbox 487 1279 609 1316; x_wconf 87' lang='lat' dir='ltr'>partem</span> <span class='ocrx_word' id='word_1_148' title='bbox 624 1272 783 1315; x_wconf 84' lang='lat' dir='ltr'>quandam</span> <span class='ocrx_word' id='word_1_149' title='bbox 800 1271 986 1302; x_wconf 85' lang='lat' dir='ltr'>hereditatis</span> <span class='ocrx_word' id='word_1_150' title='bbox 1002 1272 1041 1303; x_wconf 89' lang='lat' dir='ltr'>ad</span> <span class='ocrx_word' id='word_1_151' title='bbox 1057 1272 1170 1315; x_wconf 80' lang='lat' dir='ltr'>Belgas</span> <span class='ocrx_word' id='word_1_152' title='bbox 1186 1273 1219 1303; x_wconf 90' lang='lat' dir='ltr'>iu</span> <span class='ocrx_word' id='word_1_153' title='bbox 1235 1273 1395 1304; x_wconf 84' lang='lat' dir='ltr'>territorio</span> <span class='ocrx_word' id='word_1_154' title='bbox 1412 1284 1469 1304; x_wconf 87' lang='lat' dir='ltr'>suo</span> <span class='ocrx_word' id='word_1_155' title='bbox 1484 1273 1614 1314; x_wconf 82' lang='lat' dir='ltr'>delatae‚</span> 
     </span>
     <span class='ocr_line' id='line_1_19' title="bbox 274 1325 1612 1368; baseline -0.002 -7"><span class='ocrx_word' id='word_1_156' title='bbox 274 1332 307 1361; x_wconf 90' lang='lat' dir='ltr'>in</span> <span class='ocrx_word' id='word_1_157' title='bbox 331 1327 534 1361; x_wconf 88' lang='lat' dir='ltr'>commodum</span> <span class='ocrx_word' id='word_1_158' title='bbox 557 1338 652 1358; x_wconf 89' lang='lat' dir='ltr'>suum</span> <span class='ocrx_word' id='word_1_159' title='bbox 672 1325 835 1365; x_wconf 78' lang='lat' dir='ltr'>distrahit,</span> <span class='ocrx_word' id='word_1_160' title='bbox 864 1336 1001 1368; x_wconf 78' lang='lat' dir='ltr'>quaeque</span> <span class='ocrx_word' id='word_1_161' title='bbox 1021 1326 1151 1357; x_wconf 88' lang='lat' dir='ltr'>nomine</span> <span class='ocrx_word' id='word_1_162' title='bbox 1174 1326 1224 1358; x_wconf 90' lang='lat' dir='ltr'>vel</span> <span class='ocrx_word' id='word_1_163' title='bbox 1247 1326 1343 1368; x_wconf 78' lang='lat' dir='ltr'>juris</span> <span class='ocrx_word' id='word_1_164' title='bbox 1371 1327 1612 1366; x_wconf 81' lang='lat' dir='ltr'>detractionis,</span> 
     </span>
     <span class='ocr_line' id='line_1_20' title="bbox 274 1379 1615 1426; baseline -0.003 -10"><span class='ocrx_word' id='word_1_165' title='bbox 274 1384 326 1417; x_wconf 79' lang='lat' dir='ltr'>vel</span> <span class='ocrx_word' id='word_1_166' title='bbox 360 1383 507 1426; x_wconf 80' lang='lat' dir='ltr'>gabellae</span> <span class='ocrx_word' id='word_1_167' title='bbox 541 1380 771 1416; x_wconf 68' lang='lat' dir='ltr'>hereditariae,</span> <span class='ocrx_word' id='word_1_168' title='bbox 810 1379 860 1411; x_wconf 90' lang='lat' dir='ltr'>vel</span> <span class='ocrx_word' id='word_1_169' title='bbox 890 1381 1008 1410; x_wconf 69' lang='lat' dir='ltr'>censzis</span> <span class='ocrx_word' id='word_1_170' title='bbox 1043 1380 1299 1422; x_wconf 78' lang='lat' dir='ltr'>emigrationis,</span> <span class='ocrx_word' id='word_1_171' title='bbox 1331 1381 1439 1421; x_wconf 81' lang='lat' dir='ltr'>venit,</span> <span class='ocrx_word' id='word_1_172' title='bbox 1476 1381 1615 1424; x_wconf 88' lang='lat' dir='ltr'>quodam</span> 
     </span>
     <span class='ocr_line' id='line_1_21' title="bbox 274 1431 1613 1480; baseline -0.002 -12"><span class='ocrx_word' id='word_1_173' title='bbox 274 1438 363 1480; x_wconf 85' lang='lat' dir='ltr'>quasi</span> <span class='ocrx_word' id='word_1_174' title='bbox 389 1436 570 1468; x_wconf 88' lang='lat' dir='ltr'>retorsionis</span> <span class='ocrx_word' id='word_1_175' title='bbox 595 1434 666 1478; x_wconf 86' lang='lat' dir='ltr'>jure</span> <span class='ocrx_word' id='word_1_176' title='bbox 688 1445 705 1464; x_wconf 86' lang='lat' dir='ltr'>a</span> <span class='ocrx_word' id='word_1_177' title='bbox 730 1443 829 1476; x_wconf 85' lang='lat' dir='ltr'>regno</span> <span class='ocrx_word' id='word_1_178' title='bbox 853 1431 981 1475; x_wconf 88' lang='lat' dir='ltr'>Belgico</span> <span class='ocrx_word' id='word_1_179' title='bbox 1008 1432 1160 1465; x_wconf 85' lang='lat' dir='ltr'>adversus</span> <span class='ocrx_word' id='word_1_180' title='bbox 1182 1433 1268 1464; x_wconf 90' lang='lat' dir='ltr'>illius</span> <span class='ocrx_word' id='word_1_181' title='bbox 1297 1435 1400 1476; x_wconf 85' lang='lat' dir='ltr'>gentis</span> <span class='ocrx_word' id='word_1_182' title='bbox 1424 1441 1613 1474; x_wconf 76' lang='lat' dir='ltr'>extraneos,</span> 
     </span>
     <span class='ocr_line' id='line_1_22' title="bbox 272 1486 1614 1531; baseline -0.003 -8"><span class='ocrx_word' id='word_1_183' title='bbox 272 1491 483 1523; x_wconf 79' lang='lat' dir='ltr'>hereditatem</span> <span class='ocrx_word' id='word_1_184' title='bbox 509 1491 542 1521; x_wconf 88' lang='lat' dir='ltr'>in</span> <span class='ocrx_word' id='word_1_185' title='bbox 562 1489 672 1531; x_wconf 88' lang='lat' dir='ltr'>Belgio</span> <span class='ocrx_word' id='word_1_186' title='bbox 695 1488 866 1526; x_wconf 76' lang='lat' dir='ltr'>adeuntes,</span> <span class='ocrx_word' id='word_1_187' title='bbox 891 1497 981 1529; x_wconf 89' lang='lat' dir='ltr'>posse</span> <span class='ocrx_word' id='word_1_188' title='bbox 1004 1486 1146 1518; x_wconf 80' lang='lat' dir='ltr'>exerceri</span> <span class='ocrx_word' id='word_1_189' title='bbox 1171 1486 1324 1528; x_wconf 86' lang='lat' dir='ltr'>(Merlin,</span> <span class='ocrx_word' id='word_1_190' title='bbox 1350 1487 1456 1528; x_wconf 58' lang='lat' dir='ltr'>Re‘p„</span> <span class='ocrx_word' id='word_1_191' title='bbox 1483 1495 1530 1518; x_wconf 66' lang='grc' dir='ltr'>νῦ.</span> <span class='ocrx_word' id='word_1_192' title='bbox 1547 1487 1614 1519; x_wconf 79' lang='lat' dir='ltr'>De-</span> 
     </span>
     <span class='ocr_line' id='line_1_23' title="bbox 273 1539 1614 1586; baseline -0.002 -10"><span class='ocrx_word' id='word_1_193' title='bbox 273 1544 443 1586; x_wconf 86' lang='lat' dir='ltr'>traction.)</span> <span class='ocrx_word' id='word_1_194' title='bbox 467 1544 590 1574; x_wconf 88' lang='lat' dir='ltr'>Verum</span> <span class='ocrx_word' id='word_1_195' title='bbox 615 1549 647 1573; x_wconf 89' lang='lat' dir='ltr'>et</span> <span class='ocrx_word' id='word_1_196' title='bbox 667 1542 752 1580; x_wconf 80' lang='lat' dir='ltr'>haec,</span> <span class='ocrx_word' id='word_1_197' title='bbox 778 1552 842 1572; x_wconf 89' lang='lat' dir='ltr'>non</span> <span class='ocrx_word' id='word_1_198' title='bbox 864 1542 971 1572; x_wconf 89' lang='lat' dir='ltr'>minus</span> <span class='ocrx_word' id='word_1_199' title='bbox 992 1552 1027 1572; x_wconf 87' lang='lat' dir='ltr'>ac</span> <span class='ocrx_word' id='word_1_200' title='bbox 1048 1541 1153 1583; x_wconf 88' lang='lat' dir='ltr'>ipsum</span> <span class='ocrx_word' id='word_1_201' title='bbox 1179 1539 1330 1583; x_wconf 79' lang='lat' dir='ltr'>albinagii</span> <span class='ocrx_word' id='word_1_202' title='bbox 1356 1539 1423 1584; x_wconf 85' lang='lat' dir='ltr'>jus,</span> <span class='ocrx_word' id='word_1_203' title='bbox 1449 1541 1550 1573; x_wconf 85' lang='lat' dir='ltr'>invisa</span> <span class='ocrx_word' id='word_1_204' title='bbox 1577 1553 1614 1573; x_wconf 91' lang='lat' dir='ltr'>ac</span> 
     </span>
     <span class='ocr_line' id='line_1_24' title="bbox 275 1593 1611 1642; baseline -0.004 -12"><span class='ocrx_word' id='word_1_205' title='bbox 275 1598 426 1630; x_wconf 83' lang='lat' dir='ltr'>detestata</span> <span class='ocrx_word' id='word_1_206' title='bbox 441 1596 511 1642; x_wconf 85' lang='lat' dir='ltr'>jura</span> <span class='ocrx_word' id='word_1_207' title='bbox 528 1607 583 1628; x_wconf 80' lang='lat' dir='ltr'>rex</span> <span class='ocrx_word' id='word_1_208' title='bbox 596 1595 690 1627; x_wconf 88' lang='lat' dir='ltr'>simili</span> <span class='ocrx_word' id='word_1_209' title='bbox 706 1594 920 1626; x_wconf 88' lang='lat' dir='ltr'>sollicitudine</span> <span class='ocrx_word' id='word_1_210' title='bbox 936 1594 1073 1638; x_wconf 82' lang='lat' dir='ltr'>publicis</span> <span class='ocrx_word' id='word_1_211' title='bbox 1090 1593 1269 1625; x_wconf 81' lang='lat' dir='ltr'>foederibus</span> <span class='ocrx_word' id='word_1_212' title='bbox 1283 1593 1401 1626; x_wconf 81' lang='lat' dir='ltr'>aboleri</span> <span class='ocrx_word' id='word_1_213' title='bbox 1416 1596 1542 1627; x_wconf 82' lang='lat' dir='ltr'>curavit</span> <span class='ocrx_word' id='word_1_214' title='bbox 1553 1594 1611 1639; x_wconf 79' lang='lat'>(2).</span> 
     </span>
    </p>
   </div>
   <div class='ocr_carea' id='block_1_4' title="bbox 319 1680 1613 1725">
    <p class='ocr_par' dir='ltr' id='par_1_6' title="bbox 319 1680 1613 1725">
     <span class='ocr_line' id='line_1_25' title="bbox 319 1680 1613 1725; baseline -0.002 -10"><span class='ocrx_word' id='word_1_215' title='bbox 319 1684 427 1715; x_wconf 74' lang='lat' dir='ltr'>XXV.</span> <span class='ocrx_word' id='word_1_216' title='bbox 466 1683 538 1714; x_wconf 83' lang='lat' dir='ltr'>Jam</span> <span class='ocrx_word' id='word_1_217' title='bbox 559 1682 689 1714; x_wconf 87' lang='lat' dir='ltr'>definito</span> <span class='ocrx_word' id='word_1_218' title='bbox 707 1693 747 1713; x_wconf 82' lang='lat' dir='ltr'>ex</span> <span class='ocrx_word' id='word_1_219' title='bbox 763 1683 850 1713; x_wconf 88' lang='lat' dir='ltr'>omni</span> <span class='ocrx_word' id='word_1_220' title='bbox 867 1688 956 1725; x_wconf 84' lang='lat' dir='ltr'>parte</span> <span class='ocrx_word' id='word_1_221' title='bbox 977 1681 1047 1725; x_wconf 85' lang='lat' dir='ltr'>jure</span> <span class='ocrx_word' id='word_1_222' title='bbox 1064 1680 1257 1714; x_wconf 85' lang='lat' dir='ltr'>succedendi</span> <span class='ocrx_word' id='word_1_223' title='bbox 1273 1681 1306 1712; x_wconf 92' lang='lat' dir='ltr'>in</span> <span class='ocrx_word' id='word_1_224' title='bbox 1327 1681 1437 1725; x_wconf 82' lang='lat' dir='ltr'>Belgio</span> <span class='ocrx_word' id='word_1_225' title='bbox 1453 1683 1613 1713; x_wconf 78' lang='lat' dir='ltr'>extraneis</span> 
     </span>
    </p>
   </div>
   <div class='ocr_carea' id='block_1_5' title="bbox 274 1793 1612 2143">
    <p class='ocr_par' dir='ltr' id='par_1_7' title="bbox 319 1793 1164 1826">
     <span class='ocr_line' id='line_1_26' title="bbox 319 1793 1164 1826; baseline -0.002 -8"><span class='ocrx_word' id='word_1_226' title='bbox 319 1797 361 1826; x_wconf 87' lang='lat'>(1)</span> <span class='ocrx_word' id='word_1_227' title='bbox 378 1795 457 1818; x_wconf 76' lang='lat' dir='ltr'>Elem.</span> <span class='ocrx_word' id='word_1_228' title='bbox 475 1794 555 1817; x_wconf 82' lang='lat' dir='ltr'>doctr.</span> <span class='ocrx_word' id='word_1_229' title='bbox 575 1794 634 1823; x_wconf 78' lang='lat' dir='ltr'>juris</span> <span class='ocrx_word' id='word_1_230' title='bbox 653 1793 744 1824; x_wconf 81' lang='lat' dir='ltr'>philos.</span> <span class='ocrx_word' id='word_1_231' title='bbox 766 1794 894 1822; x_wconf 63' lang='lat' dir='ltr'>Gaudavi,</span> <span class='ocrx_word' id='word_1_232' title='bbox 916 1795 982 1816; x_wconf 80' lang='lat'>1824.</span> <span class='ocrx_word' id='word_1_233' title='bbox 1007 1794 1020 1824; x_wconf 54' lang='grc' dir='ltr'><em>ᾗ</em></span> <span class='ocrx_word' id='word_1_234' title='bbox 1039 1794 1080 1817; x_wconf 74' lang='lat'>143</span> <span class='ocrx_word' id='word_1_235' title='bbox 1097 1802 1164 1825; x_wconf 85' lang='lat' dir='ltr'>seqq.</span> 
     </span>
    </p>

    <p class='ocr_par' dir='ltr' id='par_1_8' title="bbox 274 1832 1612 2143">
     <span class='ocr_line' id='line_1_27' title="bbox 319 1832 1611 1866; baseline -0.002 -9"><span class='ocrx_word' id='word_1_236' title='bbox 319 1837 362 1866; x_wconf 82' lang='lat'>(2)</span> <span class='ocrx_word' id='word_1_237' title='bbox 381 1838 447 1858; x_wconf 79' lang='lat' dir='ltr'>lutei·</span> <span class='ocrx_word' id='word_1_238' title='bbox 462 1835 505 1857; x_wconf 84' lang='lat' dir='ltr'>illa</span> <span class='ocrx_word' id='word_1_239' title='bbox 522 1834 611 1857; x_wconf 80' lang='lat' dir='ltr'>foedera</span> <span class='ocrx_word' id='word_1_240' title='bbox 627 1842 640 1857; x_wconf 86' lang='lat' dir='ltr'>a</span> <span class='ocrx_word' id='word_1_241' title='bbox 657 1842 708 1865; x_wconf 82' lang='lat' dir='ltr'>rege</span> <span class='ocrx_word' id='word_1_242' title='bbox 727 1838 808 1857; x_wconf 83' lang='lat' dir='ltr'>nostro</span> <span class='ocrx_word' id='word_1_243' title='bbox 828 1835 889 1857; x_wconf 79' lang='lat' dir='ltr'>inita</span> <span class='ocrx_word' id='word_1_244' title='bbox 907 1835 1025 1865; x_wconf 71' lang='lat' dir='ltr'>praecipue</span> <span class='ocrx_word' id='word_1_245' title='bbox 1044 1834 1153 1857; x_wconf 81' lang='lat' dir='ltr'>notanda</span> <span class='ocrx_word' id='word_1_246' title='bbox 1169 1837 1226 1856; x_wconf 85' lang='lat' dir='ltr'>suut</span> <span class='ocrx_word' id='word_1_247' title='bbox 1247 1836 1345 1863; x_wconf 78' lang='lat' dir='ltr'>pactum</span> <span class='ocrx_word' id='word_1_248' title='bbox 1364 1840 1418 1855; x_wconf 87' lang='lat' dir='ltr'>cum</span> <span class='ocrx_word' id='word_1_249' title='bbox 1440 1840 1492 1863; x_wconf 81' lang='lat' dir='ltr'>rege</span> <span class='ocrx_word' id='word_1_250' title='bbox 1509 1832 1611 1862; x_wconf 64' lang='lat' dir='ltr'>Galliae,</span> 
     </span>
     <span class='ocr_line' id='line_1_28' title="bbox 275 1873 1612 1908; baseline -0.003 -8"><span class='ocrx_word' id='word_1_251' title='bbox 275 1877 340 1908; x_wconf 83' lang='lat' dir='ltr'>quod</span> <span class='ocrx_word' id='word_1_252' title='bbox 355 1876 493 1899; x_wconf 81' lang='lat' dir='ltr'>continetur</span> <span class='ocrx_word' id='word_1_253' title='bbox 509 1875 596 1898; x_wconf 82' lang='lat' dir='ltr'>soetlere</span> <span class='ocrx_word' id='word_1_254' title='bbox 612 1875 723 1897; x_wconf 70' lang='lat' dir='ltr'>Parisino</span> <span class='ocrx_word' id='word_1_255' title='bbox 741 1875 768 1897; x_wconf 85' lang='lat' dir='ltr'>d.</span> <span class='ocrx_word' id='word_1_256' title='bbox 785 1874 811 1897; x_wconf 86' lang='lat' dir='ltr'>d.</span> <span class='ocrx_word' id='word_1_257' title='bbox 829 1876 859 1897; x_wconf 81' lang='lat'>30</span> <span class='ocrx_word' id='word_1_258' title='bbox 874 1875 934 1903; x_wconf 67' lang='lat' dir='ltr'>Maii</span> <span class='ocrx_word' id='word_1_259' title='bbox 954 1876 1023 1903; x_wconf 76' lang='lat'>1814,</span> <span class='ocrx_word' id='word_1_260' title='bbox 1046 1879 1084 1898; x_wconf 82' lang='lat' dir='ltr'>art</span> <span class='ocrx_word' id='word_1_261' title='bbox 1100 1875 1139 1897; x_wconf 82' lang='lat'>28.</span> <span class='ocrx_word' id='word_1_262' title='bbox 1159 1874 1259 1897; x_wconf 82' lang='lat' dir='ltr'>Pactum</span> <span class='ocrx_word' id='word_1_263' title='bbox 1272 1881 1327 1896; x_wconf 86' lang='lat' dir='ltr'>cnm</span> <span class='ocrx_word' id='word_1_264' title='bbox 1343 1875 1491 1903; x_wconf 71' lang='lat' dir='ltr'>nuper-nore</span> <span class='ocrx_word' id='word_1_265' title='bbox 1506 1873 1612 1896; x_wconf 75' lang='lat' dir='ltr'>Austriae</span> 
     </span>
     <span class='ocr_line' id='line_1_29' title="bbox 276 1913 1612 1944; baseline -0.004 -4"><span class='ocrx_word' id='word_1_266' title='bbox 276 1926 303 1941; x_wconf 89' lang='lat'>10</span> <span class='ocrx_word' id='word_1_267' title='bbox 318 1917 384 1940; x_wconf 81' lang='lat' dir='ltr'>Junii</span> <span class='ocrx_word' id='word_1_268' title='bbox 404 1917 470 1939; x_wconf 74' lang='lat'>1815.</span> <span class='ocrx_word' id='word_1_269' title='bbox 492 1915 626 1938; x_wconf 76' lang='lat' dir='ltr'>Couveuiie</span> <span class='ocrx_word' id='word_1_270' title='bbox 647 1915 758 1938; x_wconf 79' lang='lat' dir='ltr'>tusschen</span> <span class='ocrx_word' id='word_1_271' title='bbox 775 1915 803 1938; x_wconf 85' lang='lat' dir='ltr'>de</span> <span class='ocrx_word' id='word_1_272' title='bbox 822 1915 991 1938; x_wconf 73' lang='lat' dir='ltr'>Nederlandeu</span> <span class='ocrx_word' id='word_1_273' title='bbox 1012 1922 1042 1937; x_wconf 86' lang='lat' dir='ltr'>en</span> <span class='ocrx_word' id='word_1_274' title='bbox 1064 1915 1190 1943; x_wconf 78' lang='lat' dir='ltr'>Hauover,</span> <span class='ocrx_word' id='word_1_275' title='bbox 1209 1918 1315 1937; x_wconf 78' lang='lat' dir='ltr'>omtrent</span> <span class='ocrx_word' id='word_1_276' title='bbox 1334 1914 1362 1936; x_wconf 82' lang='lat' dir='ltr'>de</span> <span class='ocrx_word' id='word_1_277' title='bbox 1380 1913 1554 1944; x_wconf 82' lang='lat' dir='ltr'>wederkeerige</span> <span class='ocrx_word' id='word_1_278' title='bbox 1572 1920 1612 1944; x_wconf 84' lang='lat' dir='ltr'>op-</span> 
     </span>
     <span class='ocr_line' id='line_1_30' title="bbox 274 1953 1610 1988; baseline -0.004 -8"><span class='ocrx_word' id='word_1_279' title='bbox 274 1957 365 1988; x_wconf 84' lang='lat' dir='ltr'>heffiug</span> <span class='ocrx_word' id='word_1_280' title='bbox 381 1964 429 1981; x_wconf 80' lang='lat' dir='ltr'>vau</span> <span class='ocrx_word' id='word_1_281' title='bbox 445 1957 486 1980; x_wconf 83' lang='lat' dir='ltr'>het</span> <span class='ocrx_word' id='word_1_282' title='bbox 498 1957 544 1979; x_wconf 84' lang='lat' dir='ltr'>Jus</span> <span class='ocrx_word' id='word_1_283' title='bbox 556 1957 690 1984; x_wconf 68' lang='lat' dir='ltr'>dett-acuis,</span> <span class='ocrx_word' id='word_1_284' title='bbox 701 1955 806 1987; x_wconf 81' lang='lat' dir='ltr'>gesloteu</span> <span class='ocrx_word' id='word_1_285' title='bbox 816 1955 861 1978; x_wconf 89' lang='lat' dir='ltr'>den</span> <span class='ocrx_word' id='word_1_286' title='bbox 875 1956 887 1978; x_wconf 80' lang='lat'><strong>6</strong></span> <span class='ocrx_word' id='word_1_287' title='bbox 898 1955 955 1984; x_wconf 77' lang='lat' dir='ltr'>Julij</span> <span class='ocrx_word' id='word_1_288' title='bbox 970 1955 1036 1978; x_wconf 75' lang='lat'>1815:</span> <span class='ocrx_word' id='word_1_289' title='bbox 1050 1959 1098 1977; x_wconf 82' lang='lat' dir='ltr'>met</span> <span class='ocrx_word' id='word_1_290' title='bbox 1110 1955 1151 1977; x_wconf 88' lang='lat' dir='ltr'>het</span> <span class='ocrx_word' id='word_1_291' title='bbox 1161 1955 1238 1977; x_wconf 84' lang='lat' dir='ltr'>Groot</span> <span class='ocrx_word' id='word_1_292' title='bbox 1249 1953 1398 1984; x_wconf 79' lang='lat' dir='ltr'>Hertogdom</span> <span class='ocrx_word' id='word_1_293' title='bbox 1409 1953 1595 1977; x_wconf 55' lang='lat' dir='ltr'>Saxe&lt;Weimar</span> <span class='ocrx_word' id='word_1_294' title='bbox 1604 1971 1610 1982; x_wconf 81' lang='lat'>‚</span> 
     </span>
     <span class='ocr_line' id='line_1_31' title="bbox 274 1992 1612 2029; baseline -0.004 -9"><span class='ocrx_word' id='word_1_295' title='bbox 274 1998 288 2020; x_wconf 88' lang='lat'><strong>6</strong></span> <span class='ocrx_word' id='word_1_296' title='bbox 306 1998 371 2029; x_wconf 68' lang='lat' dir='ltr'>Aug,</span> <span class='ocrx_word' id='word_1_297' title='bbox 393 1997 462 2024; x_wconf 76' lang='lat'>1816;</span> <span class='ocrx_word' id='word_1_298' title='bbox 483 2001 532 2019; x_wconf 86' lang='lat' dir='ltr'>met</span> <span class='ocrx_word' id='word_1_299' title='bbox 547 1996 673 2024; x_wconf 74' lang='lat' dir='ltr'>Pruisseu,</span> <span class='ocrx_word' id='word_1_300' title='bbox 692 1996 718 2018; x_wconf 79' lang='grc' dir='ltr'>ιθ</span> <span class='ocrx_word' id='word_1_301' title='bbox 736 1995 801 2025; x_wconf 82' lang='lat' dir='ltr'>Junij</span> <span class='ocrx_word' id='word_1_302' title='bbox 822 1995 891 2025; x_wconf 63' lang='lat'>¹8¹7}</span> <span class='ocrx_word' id='word_1_303' title='bbox 909 1995 1030 2025; x_wconf 81' lang='lat' dir='ltr'>Beijereu,</span> <span class='ocrx_word' id='word_1_304' title='bbox 1049 1994 1078 2017; x_wconf 76' lang='lat'>26</span> <span class='ocrx_word' id='word_1_305' title='bbox 1096 1994 1161 2025; x_wconf 88' lang='lat' dir='ltr'>Aug.</span> <span class='ocrx_word' id='word_1_306' title='bbox 1182 1995 1252 2024; x_wconf 81' lang='lat'>1817;</span> <span class='ocrx_word' id='word_1_307' title='bbox 1269 1994 1461 2025; x_wconf 79' lang='lat' dir='ltr'>Wurtemburg‚</span> <span class='ocrx_word' id='word_1_308' title='bbox 1478 1998 1492 2021; x_wconf 83' lang='lat'><strong>4</strong></span> <span class='ocrx_word' id='word_1_309' title='bbox 1508 1992 1612 2016; x_wconf 83' lang='lat' dir='ltr'>October</span> 
     </span>
     <span class='ocr_line' id='line_1_32' title="bbox 278 2032 1610 2069; baseline -0.005 -7"><span class='ocrx_word' id='word_1_310' title='bbox 278 2039 347 2069; x_wconf 74' lang='lat'>¹8¹73</span> <span class='ocrx_word' id='word_1_311' title='bbox 367 2037 502 2066; x_wconf 76' lang='lat' dir='ltr'>Waldeck‚</span> <span class='ocrx_word' id='word_1_312' title='bbox 523 2045 548 2066; x_wconf 90' lang='lat'>17</span> <span class='ocrx_word' id='word_1_313' title='bbox 567 2037 682 2060; x_wconf 81' lang='lat' dir='ltr'>Februar.</span> <span class='ocrx_word' id='word_1_314' title='bbox 706 2037 775 2064; x_wconf 74' lang='lat'>13183</span> <span class='ocrx_word' id='word_1_315' title='bbox 800 2035 912 2059; x_wconf 82' lang='lat' dir='ltr'>Holstein</span> <span class='ocrx_word' id='word_1_316' title='bbox 930 2043 960 2058; x_wconf 84' lang='lat' dir='ltr'>eu</span> <span class='ocrx_word' id='word_1_317' title='bbox 977 2035 1133 2066; x_wconf 84' lang='lat' dir='ltr'>Oldenburg,</span> <span class='ocrx_word' id='word_1_318' title='bbox 1154 2043 1162 2057; x_wconf 84' lang='lat'>1</span> <span class='ocrx_word' id='word_1_319' title='bbox 1181 2034 1247 2064; x_wconf 85' lang='lat' dir='ltr'>Junij</span> <span class='ocrx_word' id='word_1_320' title='bbox 1269 2034 1338 2063; x_wconf 66' lang='lat'>:8183</span> <span class='ocrx_word' id='word_1_321' title='bbox 1358 2034 1387 2057; x_wconf 79' lang='lat' dir='ltr'>de</span> <span class='ocrx_word' id='word_1_322' title='bbox 1408 2034 1477 2057; x_wconf 83' lang='lat' dir='ltr'>beide</span> <span class='ocrx_word' id='word_1_323' title='bbox 1495 2032 1610 2062; x_wconf 61' lang='lat' dir='ltr'>Sicilien,</span> 
     </span>
     <span class='ocr_line' id='line_1_33' title="bbox 275 2073 1608 2108; baseline -0.002 -8"><span class='ocrx_word' id='word_1_324' title='bbox 275 2079 289 2101; x_wconf 83' lang='grc'>8</span> <span class='ocrx_word' id='word_1_325' title='bbox 306 2078 372 2108; x_wconf 85' lang='lat' dir='ltr'>Aug.</span> <span class='ocrx_word' id='word_1_326' title='bbox 391 2078 461 2106; x_wconf 67' lang='lat'>18183</span> <span class='ocrx_word' id='word_1_327' title='bbox 480 2077 737 2106; x_wconf 71' lang='lat' dir='ltr'>Hesseu-Darmstadt‚</span> <span class='ocrx_word' id='word_1_328' title='bbox 754 2076 877 2107; x_wconf 77' lang='lat' dir='ltr'>7Januar.</span> <span class='ocrx_word' id='word_1_329' title='bbox 898 2077 967 2107; x_wconf 62' lang='lat'>1819}</span> <span class='ocrx_word' id='word_1_330' title='bbox 981 2076 1124 2106; x_wconf 73' lang='lat' dir='ltr'>Sardinien,</span> <span class='ocrx_word' id='word_1_331' title='bbox 1141 2083 1150 2099; x_wconf 88' lang='grc' dir='ltr'><strong>ι</strong></span> <span class='ocrx_word' id='word_1_332' title='bbox 1165 2075 1267 2099; x_wconf 79' lang='lat' dir='ltr'>Jauuar.</span> <span class='ocrx_word' id='word_1_333' title='bbox 1287 2076 1398 2106; x_wconf 84' lang='lat' dir='ltr'>1820‚en</span> <span class='ocrx_word' id='word_1_334' title='bbox 1409 2073 1608 2103; x_wconf 76' lang='lat' dir='ltr'>Hessen-Kassel,</span> 
     </span>
     <span class='ocr_line' id='line_1_34' title="bbox 275 2118 475 2143; baseline -0.005 -1"><span class='ocrx_word' id='word_1_335' title='bbox 275 2119 290 2142; x_wconf 81' lang='lat'>8</span> <span class='ocrx_word' id='word_1_336' title='bbox 309 2119 389 2143; x_wconf 75' lang='lat' dir='ltr'>Maart</span> <span class='ocrx_word' id='word_1_337' title='bbox 408 2118 475 2141; x_wconf 84' lang='lat'>1821.</span> 
     </span>
    </p>
   </div>
  </div>
 </body>
</html>
