1747 2620
873 231 987 275 (38)

264 321 395 355 scopum
422 309 579 352 attingere
610 314 723 352 potest.
759 307 959 350 Perpetuum
986 306 1073 337 enim
1099 317 1172 337 cum
1200 317 1352 337 sensuum
1377 292 1598 337 affectionibus

264 373 361 408 atque
380 363 609 407 cupiditatibus
630 368 791 394 certamen
813 362 841 392 ei
858 360 1064 392 subeundum
1080 365 1142 398 est,
1162 371 1178 390 a
1195 371 1259 402 quo
1277 371 1378 402 quum
1398 360 1484 391 haud
1500 360 1598 391 semel

264 420 397 451 inferior
419 418 576 457 discedat,
600 418 700 449 virtus
725 415 793 459 ejus
820 421 851 445 ct
872 414 1011 445 conditio
1038 413 1164 445 moralis
1188 425 1313 455 semper
1338 420 1383 445 est
1409 414 1597 456 imperfecta

263 475 474 517 pluriumque
497 472 614 503 defecti
635 476 790 502 remanet.
818 470 905 507 Quin
923 469 1018 500 etiam
1034 469 1083 499 his
1101 469 1133 498 in
1150 468 1241 499 terris
1260 468 1398 498 hominis
1417 468 1597 499 emendatio

264 529 393 560 initium
415 527 520 566 ducit,
537 525 689 568 quoniam
705 525 836 554 insitum
852 523 897 553 illi
920 522 994 553 mali
1015 522 1156 553 studium
1174 522 1331 553 debilitari
1351 522 1482 565 quidem
1503 515 1599 566 atque

264 581 416 619 diminui,
444 579 591 621 extingui
613 589 688 611 vero
709 584 740 608 et
761 576 912 608 radicitus
933 575 1045 615 evelli,
1068 583 1224 618 quantum
1251 577 1381 619 quidem
1401 578 1598 620 experientia

263 641 296 666 et
311 646 371 666 usu
387 633 476 664 nobis
491 633 647 672 innotuit,
666 642 843 674 numquam
860 630 987 673 poterit.
1015 630 1127 672 Itaque
1147 629 1242 661 homo
1258 630 1308 661 vel
1327 630 1385 661 sibi
1406 631 1599 674 persuadere

265 688 379 727 debet,
413 699 445 718 se
466 698 645 729 numquam
677 696 714 716 eo
735 696 800 716 esse
825 689 1080 727 perventurum,
1107 683 1146 715 ad
1167 684 1253 727 quod
1274 685 1313 715 sit
1334 673 1523 727 destinatus,
1547 686 1598 718 vel

264 752 424 774 assumere
455 740 569 779 debet,
600 739 632 770 id
662 750 771 771 revera
796 739 827 769 in
856 749 888 769 se
915 738 1021 769 locum
1050 738 1167 770 habere
1196 750 1301 781 posse,
1339 751 1403 782 quo
1427 740 1491 772 solo
1516 741 1600 772 hanc

263 802 381 828 metam
403 801 499 838 atque
520 796 615 825 finem
633 795 777 836 attingat.
804 793 898 824 Prius
921 804 1009 832 verO,
1029 804 1101 824 cum
1122 793 1244 824 ratione
1265 795 1305 824 sit
1319 794 1488 836 praedium,
1509 795 1600 827 nefas

263 856 310 881 est
332 855 428 892 atque
447 848 614 886 illicitum,
640 847 753 889 quodsi
774 847 930 889 posterius
948 846 1005 877 sibi
1027 847 1234 889 persuadeat,
1258 847 1318 878 hac
1335 849 1398 879 sola
1417 850 1599 882 conditione

263 916 300 935 eo
321 903 504 946 perveniet,
526 908 563 933 ut
583 907 747 944 perpetuae
770 901 945 931 durationis
966 902 1020 931 fiat
1042 902 1199 944 particeps
1220 907 1252 932 et
1271 903 1399 933 moralis
1419 904 1518 946 ipsius
1539 906 1601 936 vita

263 964 295 989 et
315 956 429 1000 agendi
449 955 584 987 facultas
605 956 638 986 in
659 961 816 986 aeternum
839 954 1009 997 perduret,
1026 955 1059 985 id
1077 961 1139 994 cst,
1157 961 1193 986 ut
1213 957 1253 986 sit
1271 956 1468 988 immortalis.
1489 958 1601 1001 Itaque

263 1018 334 1055 post
355 1011 520 1054 physicam
545 1009 615 1053 ejus
639 1009 673 1039 in
697 1009 758 1040 hoc
782 1009 903 1040 mundo
926 1008 1067 1040 sensibili
1093 1009 1350 1049 dissolutionem,
1379 1016 1486 1041 tamen
1519 1016 1602 1042 tam-

265 1077 362 1109 quam
386 1071 535 1096 naturam
560 1064 714 1095 moralem
733 1070 829 1106 atque
852 1064 891 1094 ad
912 1070 1061 1095 aeternam
1078 1065 1236 1094 actionem
1259 1063 1448 1095 destinatam
1470 1075 1502 1096 se
1519 1076 1604 1096 sem-

264 1131 322 1163 per
343 1130 408 1150 esse
430 1119 588 1149 victuram
608 1117 689 1148 bene
710 1117 767 1148 sibi
787 1116 974 1160 persuadet,
997 1123 1028 1147 et
1051 1117 1139 1147 firma
1161 1116 1223 1147 fide
1244 1117 1345 1147 credit
1365 1117 1424 1159 (1).

311 1174 388 1205 Haec
416 1179 491 1204 sunt
512 1173 673 1215 praecipua
699 1178 903 1215 argumenta,
931 1171 1049 1214 quibus
1075 1171 1114 1202 ad
1137 1170 1362 1202 vindicandam
1394 1172 1508 1203 animis
1541 1174 1604 1204 im—

265 1228 490 1260 mortalitatem
514 1227 561 1257 uti
584 1226 686 1257 solent
707 1225 898 1268 philosophi.
925 1224 1051 1255 Addere
1075 1225 1128 1255 hic
1149 1236 1312 1267 possemus
1335 1232 1565 1268 argumentum
1586 1239 1603 1259 a

265 1282 436 1326 prudentia
457 1287 617 1319 sumtum,
634 1280 720 1323 quod
743 1286 774 1310 et
790 1292 806 1310 a
823 1285 892 1310 tuto
912 1278 1044 1317 dicitur,
1061 1289 1125 1319 quo
1138 1278 1221 1309 inter
1238 1278 1301 1309 duo
1318 1279 1436 1322 eligere
1452 1280 1500 1319 id,
1517 1281 1604 1314 unde

264 1337 337 1380 plus
360 1334 517 1367 commodi
546 1335 715 1376 minusque
737 1339 951 1376 consequatur
976 1333 1178 1372 detrimenti,
1207 1332 1398 1375 prudentius
1419 1344 1485 1365 esse
1508 1341 1603 1377 atque

264 1391 366 1422 tutius
397 1388 596 1428 ostenditur,
629 1387 704 1418 inde
730 1398 859 1430 quoque
886 1386 946 1416 hac
975 1387 1008 1416 in
1035 1398 1127 1419 causa
1154 1387 1334 1417 animorum
1363 1388 1604 1420 immortalitem

264 1455 331 1476 esse
355 1443 576 1475 assumendam
599 1443 763 1485 vitamque
785 1442 814 1472 ei
838 1440 1033 1483 persuasioni
1055 1441 1283 1471 convenienter
1304 1439 1602 1484 instituendamffl).

266 1497 428 1536 Quoniam
445 1507 520 1528 vero
537 1496 598 1526 hoc
619 1500 846 1538 argumentum
867 1499 1011 1525 versatur
1031 1494 1063 1524 in
1079 1504 1133 1533 eo,
1157 1499 1194 1524 ut
1214 1492 1312 1536 hujus
1327 1493 1479 1525 doctrinae
1498 1496 1605 1538 potius

267 1551 440 1583 utilitatem
466 1561 563 1593 quam
583 1549 714 1592 quidem
736 1549 902 1580 veritatem
924 1547 1138 1587 demonstret,
1164 1547 1217 1578 hic
1238 1547 1319 1578 illud
1341 1548 1494 1580 indicasse
1515 1549 1605 1582 sussi-

268 1606 340 1636 ciat.
366 1605 477 1646 Itaque
498 1604 637 1646 priorem
656 1602 753 1646 hujus
768 1602 946 1645 scriptionis
971 1608 1111 1644 partem,
1138 1612 1201 1644 qua
1224 1602 1319 1633 variae
1340 1601 1604 1646 philosophorum

268 1659 405 1691 rationes
421 1658 458 1688 ad
475 1657 670 1700 probandam
692 1657 872 1687 animorum
890 1655 1160 1686 immortalitatem
1180 1661 1436 1698 exponerentur,
1449 1668 1507 1698 pro
1525 1659 1604 1689 viri-

267 1714 328 1745 bus
351 1711 553 1743 absolvimus.
579 1711 676 1742 Plura
702 1716 795 1750 sunt,
821 1720 892 1752 quae
916 1708 988 1740 addi
1010 1710 1202 1752 potuissent,
1227 1708 1281 1739 sed
1301 1708 1449 1742 brevitati
1470 1711 1605 1742 studen—

269 1767 348 1799 dum
373 1771 450 1797 erat.
481 1765 552 1796 Jam
577 1764 616 1795 ad
643 1770 766 1807 partem
790 1764 1013 1806 posteriorem,
1045 1775 1118 1807 quae
1142 1763 1279 1795 alterum
1300 1765 1482 1806 quaestionis
1506 1777 1605 1809 argu-

269 1827 417 1853 mentum
444 1821 603 1860 continet,
633 1819 915 1862 transgredienmr.

332 1933 365 1963 (ι)
384 1932 444 1956 Vid.
457 1932 503 1955 W.
521 1932 552 1954 T.
565 1932 646 1962 Krng,
667 1931 839 1954 fundamental
855 1931 1008 1962 philosophie
1025 1931 1081 1954 oder
1096 1931 1328 1954 wissenschaftliche
1340 1931 1498 1961 grundlehre,
1521 1932 1558 1954 th.
1579 1933 1601 1954 Ι.

271 1974 355 1997 absch.
374 1981 398 1996 2.
419 1973 431 2003 ᾗ
447 1974 476 1995 85
491 1980 528 2002 sq.
544 1983 550 2000 -,
568 1973 722 2003 ejusdemque
734 1977 825 2003 system
842 1973 883 1995 der
896 1972 1047 2003 practischen
1070 1971 1235 2002 philosophie,
1254 1971 1313 1993 theil
1330 1972 1380 1999 111;
1398 1971 1602 2001 Religionislehre,

273 2015 312 2038 th.
332 2016 368 2037 11.
386 2014 469 2036 absch.
490 2020 512 2035 1.
532 2012 569 2042 §4
587 2020 624 2043 sq.
646 2013 759 2036 Conserri
773 2013 847 2036 etiam
865 2017 943 2043 potest
958 2012 1053 2041 Fichte,
1073 2012 1111 2034 die
1129 2012 1289 2043 bestimmung
1306 2012 1346 2034 des
1364 2012 1506 2040 menschen,
1522 2019 1605 2043 quam-

272 2055 310 2080 vis
326 2055 351 2077 in
367 2061 394 2076 eo
410 2053 511 2076 minime
526 2052 674 2081 audiendus,
690 2053 755 2083 quod
771 2053 888 2076 moralem
904 2051 992 2076 mundi
1008 2052 1118 2075 ordinem
1133 2051 1212 2082 ipsum
1227 2059 1275 2075 esse
1291 2051 1364 2074 deum
1376 2051 1510 2075 existimat.

333 2096 377 2126 (2)
393 2094 433 2118 Cf.
455 2094 562 2117 Contzeu
576 2092 596 2117 Ι.
615 2092 636 2117 1.
657 2100 712 2123 cap.
730 2092 764 2117 V.
783 2093 795 2123 ᾗ
812 2093 867 2123 559.
