1747 2620
883 306 997 350 (54)

284 396 348 416 non
365 384 403 415 ob
421 383 514 414 aliam
532 392 656 413 causam
673 380 837 411 conveniri
855 381 968 422 possit,
985 390 1080 423 quam
1102 385 1233 422 propter
1249 378 1473 421 obligationem
1491 378 1618 410 civilem

283 451 323 470 ex
348 438 462 469 delicto
486 437 518 467 in
540 435 650 478 Belgio
674 439 856 477 perpetrato
884 439 983 464 ortam
1012 433 1100 475 (arg.
1126 439 1185 464 art.
1210 434 1240 464 3.
1269 433 1304 463 C.
1330 433 1405 463 Inst.
1429 433 1543 475 crim.)
1567 433 1617 465 vel

284 498 412 535 propter
441 496 547 521 actum
575 486 848 525 commercialem,
876 487 909 516 in
935 498 1032 529 quein
1057 486 1209 529 applicari
1237 487 1334 529 possit
1354 492 1414 517 art.
1437 486 1512 526 420.
1540 486 1615 517 Cod.

282 558 387 589 proc.;
412 545 453 575 ita
483 549 589 574 tamen
613 547 649 572 ut
669 541 766 584 judex
788 545 894 570 noster
914 539 1090 583 judicium,
1114 541 1197 570 inter
1218 540 1308 571 binos
1332 540 1516 583 peregrinos
1541 552 1619 571 con-

282 601 467 637 sentientes,
490 598 522 628 in
544 607 575 627 se
594 595 750 637 recipiens
771 605 810 624 ex
832 595 1070 636 incompetente
1090 601 1274 637 competens
1295 595 1348 625 fiat
1369 594 1426 637 (1).

327 704 485 737 XXXIX.
519 703 636 734 Mirum
660 702 789 732 fortasse
806 700 983 740 videbitur,
1005 713 1060 732 nos
1076 712 1203 733 omnem
1226 701 1265 732 de
1284 701 1503 745 jurisdictione
1520 703 1617 734 mixta

283 759 533 802 disquisitionem
553 756 714 795 omittere,
734 766 847 786 verum
864 754 897 786 id
916 761 962 786 est
977 755 1316 795 animadvertendum,
1333 756 1471 786 actiones
1487 756 1616 796 mixtas,

283 815 378 844 etiam
405 810 553 842 Romanis
577 809 616 851 (§
637 809 774 839 201nst.
803 808 842 839 de
869 808 951 850 act.)
976 809 1018 839 ita
1040 809 1154 847 dictas,
1185 811 1315 840 omnino
1342 810 1441 841 reales
1469 821 1554 849 esse,
1582 816 1619 842 ut

283 866 450 909 perspicue
472 863 617 906 probavit
644 861 690 892 Cl.
713 861 808 892 Cane
836 861 923 902 (Les
946 862 1010 892 lois
1035 874 1094 892 sur
1118 864 1166 892 les
1184 862 1294 904 juricl.
1320 864 1403 899 cim,
1438 865 1470 893 ΞΕ
1496 864 1616 906 partie,

281 921 336 951 liv.
353 921 383 949 2.
408 920 455 948 tit.
475 917 524 958 Ι.)
545 916 688 958 adeoque
708 914 835 956 regulas
855 914 894 945 de
913 914 1011 946 hocce
1027 916 1188 946 actionum
1212 927 1346 958 genere,
1367 918 1432 947 sive
1450 917 1616 949 mobilium

280 975 335 1014 (n.
356 971 524 1011 XXXVI)
547 970 613 1001 sive
639 967 854 999 immobilium
879 967 933 1007 (n.
957 968 1111 1009 XXXV)
1137 970 1226 1010 sequi
1248 976 1411 1011 oportere,
1436 981 1486 1001 eas
1509 978 1616 1003 autem

280 1028 418 1058 actiones
440 1025 568 1062 mixtas,
590 1033 664 1065 quae
686 1022 781 1052 unice
800 1021 833 1051 in
852 1031 919 1051 rem
941 1019 1085 1059 directae,
1110 1020 1163 1050 sed
1182 1032 1220 1051 ex
1241 1027 1408 1052 contractu
1427 1034 1518 1053 reum
1533 1025 1618 1054 inter

280 1087 376 1123 atque
401 1079 532 1110 tertium
554 1076 739 1119 quempiam
764 1075 843 1105 inito
868 1079 988 1105 exortae
1016 1079 1110 1113 sunt,
1136 1073 1343 1105 manifestum
1367 1080 1431 1113 est,
1455 1076 1618 1107 actionum

280 1133 495 1179 personalium
515 1138 662 1162 naturam
685 1129 818 1168 habere,
841 1128 985 1171 adeoque
1007 1128 1065 1159 nisi
1091 1127 1130 1158 ad
1153 1139 1220 1159 rem
1246 1128 1444 1159 immobilem
1467 1129 1618 1170 tendant,

281 1200 386 1220 coram
416 1188 484 1218 foro
509 1184 660 1216 domicilii
683 1184 729 1215 rei
759 1182 930 1215 movendas
960 1193 1046 1222 esse,
1078 1182 1170 1214 nullo
1200 1182 1383 1214 discrimine
1411 1195 1469 1226 pro
1495 1183 1618 1217 diversa

281 1249 423 1274 actorum
446 1238 603 1283 personali
624 1237 805 1269 conditione
826 1236 971 1267 admisso.

322 1350 392 1381 XL.
426 1348 498 1378 Jam
526 1345 640 1378 ultimo
665 1344 734 1376 loco
763 1342 937 1375 dicendum
964 1348 1110 1385 superest
1134 1342 1173 1374 de
1199 1343 1300 1376 modis
1324 1343 1442 1387 quibus
1474 1347 1618 1377 extranei

278 1404 348 1447 jura
372 1401 476 1433 civilia
496 1401 529 1431 in
550 1399 661 1442 Belgio
679 1398 738 1429 sibi
759 1409 905 1429 concessa
927 1398 1075 1428 amittere
1095 1404 1238 1440 possunt.

321 1455 393 1486 Huc
419 1453 565 1496 inprimis
591 1453 746 1495 pertinet,
776 1450 863 1494 quod
887 1461 926 1481 ex
952 1456 1081 1492 recepto
1105 1450 1183 1494 juris
1204 1452 1351 1494 gentium
1377 1463 1461 1491 usu,
1491 1451 1617 1483 foedera

277 1511 361 1541 inter
387 1508 465 1539 duas
486 1512 595 1550 gentes
616 1507 693 1536 inita
713 1506 799 1536 omni
826 1505 946 1536 effectu
968 1515 1076 1536 carere
1102 1505 1274 1548 incipiant,
1301 1506 1406 1536 statim
1434 1517 1470 1536 ac
1494 1505 1618 1538 bellum

278 1565 362 1594 inter
383 1572 434 1592 eas
452 1565 600 1591 exortum
622 1565 685 1597 est,
698 1558 793 1598 ,unde
815 1564 873 1589 art.
892 1559 943 1588 11.
969 1557 1004 1589 C.
1026 1557 1095 1589 Civ.
1117 1559 1243 1590 nonnisi
1262 1560 1348 1602 pacis
1367 1565 1511 1602 tempore
1529 1561 1617 1592 venit

278 1613 502 1659 applicandus,
529 1613 616 1643 omni
640 1618 748 1643 autem
774 1612 849 1643 belli
874 1618 1018 1655 tempore
1041 1613 1130 1644 nulla
1156 1613 1225 1658 ejus
1247 1614 1293 1646 vis
1315 1620 1378 1654 est,
1403 1614 1509 1658 quoad
1530 1615 1616 1647 illius

279 1669 382 1713 gentis
400 1668 561 1706 homines,
589 1666 729 1708 quacum
751 1665 872 1697 bellurn
893 1667 1045 1710 gerimus.

324 1722 407 1753 Hinc
418 1731 546 1764 quoque
562 1720 737 1750 necessario
753 1721 974 1762 consequitur,
992 1726 1175 1761 extraneOS,
1190 1720 1307 1764 quibus
1319 1720 1440 1752 bellum
1456 1721 1616 1754 indictum

279 1783 340 1816 est,
363 1776 432 1819 jura
455 1774 584 1805 nonnisi
605 1774 635 1805 vi
656 1773 788 1805 foederis
813 1775 886 1817 ipsis
908 1786 1070 1815 concessa,
1098 1775 1204 1818 qualia
1228 1775 1278 1819 jus
1301 1775 1436 1806 testandi
1462 1782 1517 1807 aut
1540 1788 1617 1808 suc-

279 1829 414 1863 cedendi
434 1829 487 1870 (n.
508 1827 589 1858 XXI
605 1833 637 1858 et
652 1828 787 1870 XXII),
816 1827 865 1871 jus
884 1827 1071 1872 hypothecae
1090 1829 1200 1873 legalis
1220 1841 1259 1861 ex
1281 1831 1404 1873 nuptiis
1426 1836 1515 1862 extra
1538 1831 1615 1863 Bel-

280 1885 368 1928 gium
392 1882 479 1913 initis
506 1882 540 1911 in
568 1886 794 1912 extraneorum
827 1882 1031 1914 commodum
1061 1884 1185 1924 oriens,
1215 1884 1341 1927 aliaque
1369 1883 1462 1927 plura
1487 1896 1615 1928 prorsus

280 1947 429 1971 exercere
457 1946 521 1966 non
553 1945 653 1978 posse.
683 1934 771 1966 Nihil
797 1941 904 1967 tamen
931 1935 1082 1979 impedit,
1110 1938 1283 1980 quominus
1307 1938 1473 1982 deincep5,
1501 1945 1614 1971 mutuo

280 1993 408 2025 illarum
427 1990 571 2034 gentium
595 2000 768 2030 consensu,
790 1996 881 2033 pacta
902 1990 955 2022 illa
978 1991 1125 2034 publica,
1145 1992 1291 2023 restitut&
1307 2003 1401 2035 pace,
1423 1993 1614 2026 reviviscant

341 2118 385 2148 (ι)
400 2116 441 2141 Cf.
459 2115 549 2144 Rolin,
567 2115 632 2139 Diss.
653 2116 753 2147 inaug,
772 2124 828 2148 pag.
850 2125 878 2148 72
896 2124 963 2149 seqq.
