1747 2620
899 254 912 297 (
935 255 977 295 40
1000 254 1012 297 )

298 342 355 363 nos
373 331 481 371 docet,
503 329 626 362 morbos
645 329 729 362 valet
747 328 786 360 ab
805 328 870 361 una
891 334 980 372 parte
1005 327 1043 360 ad
1069 327 1199 359 alteram
1221 329 1402 360 transferre.
1426 329 1462 360 In
1486 330 1622 362 medias-

300 386 359 416 tini
379 384 543 416 anterioris
559 390 591 415 et
612 384 790 426 posterioris
813 382 936 414 cellulis
957 381 1095 413 multum
1117 381 1216 424 adipis
1238 383 1431 414 continetur.
1457 383 1533 415 Tela
1556 384 1624 416 haec

300 438 448 471 cellulosa
469 438 717 469 inflammatione
741 437 856 478 corripi
880 442 1001 478 potest,
1023 435 1156 477 haecque
1176 434 1312 466 identica
1335 441 1382 466 est
1401 448 1475 468 cum
1497 438 1533 469 ea
1552 449 1624 481 quae

298 498 423 524 textum
446 491 633 522 cellulosum
663 491 744 520 cutis
768 489 879 528 afficit3
906 489 1136 531 suppuratione
1170 488 1265 531 vulgo
1290 490 1501 529 terminatur,
1535 492 1623 533 puris

298 545 468 588 aliquando
492 555 605 587 magna
635 543 794 586 quantitas
817 543 850 572 in
875 541 1069 572 mediastinis
1094 541 1336 582 accumulatur,
1365 543 1536 586 aliquando
1565 556 1623 587 per

298 598 542 629 continuitatem
574 596 643 628 telae
669 595 827 627 cellulosae
850 595 884 626 in
907 594 1076 626 abdomine
1103 601 1265 637 penetrat,
1293 597 1406 638 saepius
1430 608 1526 640 supra
1553 598 1622 629 dia-

297 652 451 694 phragma
472 651 667 693 exspatiatur
689 656 721 680 et
740 661 797 692 pro
818 649 907 691 copia
922 648 978 679 sust
999 654 1209 691 symptomata
1228 649 1398 692 aliquando
1419 652 1622 693 periculosis-

297 705 372 736 sima
395 704 602 743 determinat3
632 703 862 746 diaphragmati
890 700 1079 733 incumbens
1104 703 1202 745 ipsius
1229 708 1334 734 motus
1359 704 1507 747 impedit,
1535 708 1618 748 peri-

297 758 441 790 cardium
470 769 618 801 premens
644 757 746 788 cordis
771 757 928 787 actionem
955 755 1100 795 cohibet,
1126 756 1159 786 in
1189 755 1270 787 binis
1295 756 1500 799 pulmonibus
1526 770 1623 801 agens

298 812 536 855 respirationem
558 812 684 842 anxiam
708 810 934 853 difficilemque
956 808 1070 840 reddit.

340 934 364 976 g
385 934 441 965 VI.
475 945 512 964 DE
535 944 722 964 CAETERORL'M
747 942 936 963 onGANonUM
960 941 1096 962 TflonAOE
1119 942 1342 964 CONTENTORUM
1365 944 1577 965 PHYSIOLOGIA.

848 1031 862 1059 1
871 1053 878 1059 .
919 1029 1074 1070 leymzcs.

341 1139 377 1169 In
405 1136 592 1168 mediastino
615 1135 765 1167 anteriori
792 1135 921 1167 obvenit
945 1134 1095 1177 glandula
1121 1134 1267 1176 thymus,
1296 1145 1368 1177 quae
1392 1135 1559 1167 manifeste
1584 1136 1623 1167 ad

297 1190 523 1234 glandularum
542 1195 689 1220 naturam
711 1188 864 1231 pertinet:
881 1193 1016 1218 testante
1030 1186 1173 1217 Jourdan
1190 1187 1238 1229 (1)
1256 1187 1295 1218 ad
1313 1187 1402 1219 hunc
1417 1199 1519 1231 usque
1538 1188 1623 1220 diem

296 1243 378 1274 nihil
402 1243 531 1273 omnino
552 1242 669 1272 scimus
692 1241 731 1272 de
755 1253 818 1273 usu
837 1252 933 1283 quem
960 1242 992 1271 in
1016 1241 1194 1271 oeconomia
1220 1241 1340 1283 praebet
1359 1242 1507 1284 thymus:
1532 1243 1624 1274 variae

298 1297 337 1328 de
352 1297 450 1328 hacce
469 1296 604 1327 fuerunt
624 1307 640 1326 a
659 1295 752 1328 variis
767 1293 948 1326 auctoribus
968 1294 1157 1337 hypotheses
1172 1293 1321 1336 p1⁴olatae,
1337 1305 1409 1336 quae
1425 1306 1534 1326 omnes
1548 1296 1624 1327 fue-

298 1355 377 1381 runt
402 1361 418 1380 a
449 1348 674 1392 nuperiorihus
701 1354 814 1379 erutae.
851 1347 992 1378 Galenus
1020 1352 1052 1377 et
1082 1346 1138 1389 qui
1166 1347 1271 1388 ipsum
1301 1347 1402 1378 secuti
1430 1353 1506 1379 sunt
1531 1348 1624 1379 illum

296 1402 525 1434 fulcimentum
556 1413 644 1434 venae
671 1413 756 1434 cavae
781 1401 951 1444 superioris
977 1410 1043 1431 esse
1068 1400 1256 1442 proferunt3
1289 1400 1341 1432 alii
1370 1400 1463 1432 illum
1487 1401 1624 1434 fluidum

297 1456 456 1499 quoddam
479 1467 537 1498 per
552 1455 694 1486 canalem
713 1455 908 1498 peculiarem
929 1454 1143 1485 excretorium
1161 1455 1194 1484 in
1212 1454 1440 1497 OEsophagum
1459 1457 1624 1487 transmit—

298 1516 382 1549 tere,
399 1509 452 1540 alii
467 1510 583 1540 iterum
604 1509 739 1540 fluidum
755 1509 835 1540 illud
849 1509 882 1539 in
901 1519 1013 1540 venam
1031 1518 1139 1538 cavam
1154 1507 1301 1546 infundi,
1320 1507 1468 1539 nonnulli
1485 1508 1624 1551 denique

297 1562 330 1593 in
358 1562 572 1604 pericardium
602 1561 748 1604 protendi
775 1562 897 1593 volunt.
937 1562 1018 1600 Quae
1046 1562 1151 1592 omnia
1181 1561 1317 1593 fuerunt
1343 1563 1473 1604 penitus
1499 1573 1622 1602 eversa,

299 1626 400 1658 quum
421 1615 581 1646 Warthon
604 1621 636 1646 et
656 1615 831 1646 Cheselden
852 1615 1032 1646 nullitatem
1054 1614 1170 1645 canalis
1195 1615 1363 1645 excretorii
1385 1614 1625 1648 demonstrave-

298 1669 374 1699 rint.
405 1668 485 1698 Altis
508 1668 613 1699 adhuc
643 1668 829 1711 caliginibus
859 1669 960 1711 thymi
993 1668 1117 1699 functio
1144 1667 1280 1699 obducta
1307 1674 1369 1707 est,
1402 1669 1623 1700 tantummodo

298 1722 415 1752 scimus
436 1721 618 1763 glandulam
638 1722 724 1752 illam
745 1722 778 1752 in
799 1728 881 1753 statu
904 1722 1003 1753 foetali
1025 1728 1057 1752 et
1076 1721 1160 1764 apud
1182 1721 1319 1752 infantes
1340 1721 1464 1763 liquore
1484 1722 1622 1764 quodam

298 1774 488 1805 lactescente
508 1774 641 1816 repleri,
664 1780 696 1805 et
717 1775 818 1806 multo
836 1786 901 1807 esse
922 1775 1073 1819 majorem
1094 1787 1189 1818 quam
1213 1774 1344 1817 quidem
1367 1775 1452 1817 apud
1480 1775 1622 1814 adultos,

298 1829 332 1859 in
360 1827 476 1870 quibus
500 1828 588 1870 quasi
618 1828 761 1870 atrophia
792 1830 980 1871 corripitur,
1011 1835 1043 1859 et
1071 1828 1181 1859 nullus
1204 1827 1340 1870 amplius
1365 1829 1398 1858 in
1425 1828 1491 1870 ipsa
1518 1826 1628 1871 liquor*

300 1880 437 1912 obvenit.
457 1880 576 1911 Sensim
595 1881 774 1924 sensimque
791 1882 958 1921 decrescit,
979 1881 1082 1913 donec
1096 1882 1128 1911 in
1143 1880 1256 1912 ultimo
1271 1881 1357 1912 senio
1373 1881 1441 1912 fere
1461 1881 1548 1912 nulla
1565 1893 1622 1924 ap-

300 1939 406 1976 paret,
422 1935 455 1965 in
467 1933 528 1964 tela
545 1933 693 1965 cellulosa
708 1934 770 1977 qua
785 1934 1009 1966 mediastinum
1024 1935 1165 1966 refertur
1181 1935 1269 1976 quasi
1286 1934 1460 1977 deperdita.
1478 1935 1623 1967 Fuerunt

360 2047 393 2076 (1)
410 2045 577 2068 Dictionnaire
594 2046 634 2069 des
649 2046 734 2070 scienc.
751 2047 839 2070 medic.
861 2048 933 2070 Tom.
950 2047 991 2076 55,
1010 2052 1057 2070 art.
1084 2046 1200 2076 Thymus.
