1747 2620
900 243 1040 287 (126)

306 328 407 358 latum
435 325 562 357 dorsum
593 323 689 354 feriat
715 331 815 365 prope
842 319 1026 351 columnam
1056 317 1285 357 vertebralem‚
1315 323 1419 361 potest
1449 317 1579 350 evenire
1604 323 1643 349 ut

306 381 536 424 OEsopliagum
568 377 734 415 vulneret,
761 375 857 407 illaeso
884 384 948 404 non
972 371 1194 403 tantummodo
1218 371 1389 414 pulmone,
1416 371 1469 403 sed
1491 382 1532 402 ne
1560 371 1645 402 tacta⁴

307 436 437 480 quidem
463 432 576 477 pleura
607 431 664 473 (1).
704 430 809 472 Plagae
833 428 1042 470 oesophagicae
1070 426 1138 457 fere
1166 437 1291 469 semper
1322 425 1422 469 globis
1450 425 1645 468 sclopetariis

306 491 510 534 infliguntur.

352 542 534 576 Dummodo
549 539 781 572 nobilissimum
798 547 892 568 usum
908 546 972 578 quo
991 534 1141 576 fungitur
1160 533 1243 564 illud
1261 544 1418 576 organum
1440 534 1473 564 in
1496 532 1647 564 OEcono-

310 599 373 631 mia
395 596 525 629 animali
545 593 752 626 recordemur
772 590 835 633 (2),
860 601 934 621 mox
955 594 987 619 et
1009 594 1121 631 sponte
1141 587 1198 619 sua
1220 587 1420 630 apparebunt
1447 586 1649 618 incommoda

312 665 383 696 quae
403 652 493 683 istius
513 648 687 681 functionis
708 645 978 687 interruptionem
1001 648 1201 686 sequuntur:
1228 643 1251 673 si
1274 642 1342 673 haec
1365 643 1450 674 enim
1474 641 1650 684 impeditur

313 713 444 751 propter
463 704 693 747 OEsophagum
713 700 939 738 vulneratum,
965 709 1030 730 non
1058 696 1279 728 tantummodo
1300 696 1450 727 alimenta
1472 695 1651 728 ventriculo

314 773 378 793 non
397 760 591 797 afferuntur,
609 755 664 787 sed
678 755 713 787 in
729 754 880 785 Thoracis
898 763 1013 785 cavum
1027 751 1192 790 incidunt,
1209 756 1241 782 et
1256 750 1351 782 homo
1366 750 1472 781 inedia
1488 751 1505 781 a
1520 750 1652 781 defectu

316 814 500 848 nutritionis
524 811 676 850 oriunda,
705 815 737 841 et
760 808 915 840 effusione
937 806 1164 838 alimentorum
1190 805 1224 835 in
1251 810 1363 847 pectus
1388 804 1473 847 perit
1493 804 1550 845 (3).
1587 803 1654 834 Hac

318 870 409 902 ducti
429 865 680 899 consideratione
700 862 809 906 plures
829 861 945 893 medici
966 861 1106 891 forenses
1126 860 1173 901 (ί.)
1197 858 1331 890 vulnera
1348 858 1531 901 OEsophagi
1547 857 1656 889 decla—

318 927 473 955 raverunt
488 918 695 952 essentialiter
706 922 738 948 et
752 916 928 947 necessario
943 914 1089 953 lethalia3
1106 913 1159 944 alii
1175 918 1250 943 sunt
1264 912 1311 953 (5)
1324 913 1381 954 qni
1394 912 1507 943 dicunt
1522 911 1655 943 vulnera

319 977 418 1021 ipsius
440 982 618 1006 transversa
638 977 764 1003 tantum
786 981 852 1001 esse
873 968 1020 1007 lethalia,
1038 965 1283 1009 longitudinalia
1303 971 1412 996 autem
1427 976 1516 1007 posse
1537 965 1656 996 sanari:

320 1031 529 1074 reperiuntur
557 1026 686 1059 tandem
714 1025 768 1056 alii
800 1025 856 1067 qui
887 1022 1001 1054 volunt
1032 1021 1140 1063 plagas
1171 1019 1354 1062 OEsophagi
1387 1019 1497 1050 mortis
1527 1019 1659 1062 quidem

322 1083 505 1128 periculum
537 1092 647 1113 secum
681 1080 815 1117 afferre,
843 1083 984 1108 attamen
1008 1075 1130 1107 idoneis
1154 1073 1302 1106 remediis
1332 1073 1401 1104 illas
1430 1073 1534 1104 sanari
1563 1079 1660 1117 atque

322 1139 397 1182 ipsis
418 1136 540 1168 mederi
560 1145 664 1178 posse:
690 1135 780 1164 istam
797 1131 981 1174 opinionem
1002 1129 1243 1171 amplectuntur
1258 1128 1446 1170 nuperiores
1465 1127 1534 1158 fere
1552 1138 1662 1158 omnes

325 1191 469 1233 chirurgi
492 1189 549 1231 (6).
578 1188 688 1219 Varias
714 1186 769 1216 has
796 1186 960 1227 opiniones
980 1183 1100 1226 analysi
1121 1181 1363 1222 submittemus,
1390 1187 1427 1212 ut
1451 1180 1567 1213 exinde
1591 1181 1663 1212 ido-

325 1256 419 1276 neam
444 1241 680 1273 conclusionem
704 1248 831 1269 sumere
853 1247 1026 1279 possemus.

371 1296 468 1337 Quod
489 1295 527 1326 ad
546 1294 683 1337 primam
704 1290 894 1323 sententiam
917 1295 1052 1332 spectat,
1076 1289 1165 1320 illam
1185 1299 1251 1320 esse
1272 1287 1431 1319 credimus
1453 1287 1555 1319 multo
1570 1289 1665 1319 nimis

330 1351 529 1397 generalem:
561 1347 723 1390 chirurgia
754 1345 840 1376 enim
872 1343 1026 1374 hodierna
1055 1348 1088 1373 et
1116 1342 1349 1375 observationes
1383 1352 1440 1372 nos
1469 1342 1666 1374 contrarium

331 1408 462 1444 docent,
485 1409 560 1435 sunt
575 1409 684 1433 tamen
699 1410 810 1431 revera
832 1397 1013 1440 OEsophagi
1036 1397 1194 1437 laesiones,
1216 1408 1288 1439 quae
1309 1396 1517 1427 necessariam
1532 1402 1564 1427 et
1579 1397 1667 1428 haud

331 1458 519 1503 fugiendam
548 1461 684 1487 mortem
706 1452 913 1496 pedisequam
934 1450 1070 1491 habent,
1096 1456 1237 1493 suntque
1258 1460 1367 1480 omnes
1387 1449 1450 1480 illae
1471 1460 1542 1492 quae
1563 1456 1668 1482 totum

332 1518 491 1558 quantum
510 1508 740 1552 OEsophagum
761 1506 952 1538 abscindunt
967 1505 1018 1538 vel
1039 1505 1261 1548 disrumpunt,
1285 1503 1380 1546 quale
1395 1502 1485 1534 nobis
1502 1505 1669 1548 egregium

335 1573 431 1610 atque
461 1563 693 1607 elegantissime
725 1561 941 1602 conscriptum
970 1558 1156 1602 exemplum
1193 1557 1324 1600 reliquit
1357 1557 1537 1589 Hermanns
1568 1558 1669 1590 Boer-

335 1621 435 1653 haave
450 1618 513 1662 (7),
532 1617 645 1648 atrocis
660 1614 780 1646 scilicet
795 1614 918 1645 comitis
934 1613 973 1645 de
988 1613 1180 1644 Wassenaar
1195 1612 1308 1643 morbi.
1325 1611 1357 1643 Si
1373 1611 1436 1643 tale
1452 1612 1570 1644 vulnus
1584 1613 1672 1644 inssi-

338 1677 440 1719 gitur,
460 1682 589 1704 omnem
604 1675 704 1701 artem
720 1667 834 1711 effugit
851 1667 1024 1707 medicam,
1040 1667 1145 1698 omnia
1162 1666 1394 1710 Hippocraticae
1409 1667 1548 1698 scientiae
1567 1667 1671 1699 media

338 1728 488 1774 repudiat
510 1731 608 1768 atque
631 1723 770 1765 respuit-7
798 1722 1045 1765 interrumpitur
1066 1722 1154 1753 enim
1174 1721 1424 1753 communicatio
1448 1721 1535 1753 inter
1555 1733 1673 1765 organa

341 1795 1672 1813 f-——ffl——ffl

402 1845 436 1875 (ι)
452 1843 546 1872 Boyer,
562 1839 581 1863 Ι.
598 1839 630 1868 1.,
652 1842 712 1862 tom.
726 1837 786 1861 VII.
806 1844 859 1868 pag.
876 1836 928 1859 265.

402 1885 435 1915 (2)
452 1882 572 1906 Videatur
589 1887 642 1911 pars
660 1878 734 1908 hujus
747 1878 824 1909 operis
841 1875 1010 1908 physiologica
1026 1875 1067 1898 ubi
1085 1875 1113 1899 de
1129 1876 1255 1907 aesophago
1273 1875 1361 1907 agitur.

405 1925 438 1955 (5)
455 1922 558 1950 Ἑοάέῐέ,
575 1921 592 1944 l.
609 1920 641 1949 1.,
664 1924 723 1942 tom.
740 1920 788 1941 111.
808 1925 862 1949 pag.
877 1918 928 1942 536.

406 1965 439 1994 (4)
455 1962 559 1991 Fodere',
575 1961 592 1985 l.
612 1961 644 1989 l.‚
663 1959 722 1984 ibid.
744 1959 861 1990 Metzger,
877 1958 927 1982 vol.
946 1959 979 1980 11.
998 1965 1050 1988 cap.
1067 1958 1110 1981 1V.
1128 1965 1183 1989 pag.
1200 1957 1242 1981 145
1258 1961 1281 1980 et
1299 1955 1350 1980 alii.

407 2005 440 2034 (5)
457 2001 624 2030 Hebenstreit,
642 1999 811 2030 antropologia
830 1998 943 2027 sorensis,
961 2006 1014 2030 pag.
1032 1999 1084 2028 478.

407 2044 440 2074 (6)
457 2041 610 2071 Rifflerand,
630 2040 649 2063 1.
668 2040 700 2070 l.‚
721 2044 779 2063 tom.
800 2041 848 2062 111.
867 2040 958 2070 Boyer,
978 2039 1042 2069 1.1.,
1061 2043 1119 2062 tom.
1137 2038 1196 2063 VII.

410 2085 443 2115 (7)
460 2082 582 2115 Opuscula
600 2081 695 2111 omnia,
718 2088 773 2111 pag.
793 2080 843 2103 108.
