1747 2620
963 279 1005 312 72
1029 279 1039 320 )

308 354 517 386 inliltraretur
545 361 576 385 et
602 354 670 385 haec
696 364 767 396 qua:
796 351 859 396 jam
889 352 1057 383 citavimus
1087 358 1295 395 symptomata
1322 358 1518 395 provocaret.
1551 351 1646 391 Quod

309 412 455 454 sequitur
474 407 658 450 exemplum
682 406 812 437 effatum
838 404 950 446 probat
968 405 1033 447 (1):
1059 416 1076 435 ))
1094 405 1221 436 Vulnus
1244 404 1370 449 majoris
1390 405 1556 448 pectoralis
1578 417 1647 438 ma-

310 478 328 497 ))
346 465 445 507 iorem
473 473 505 494 et
530 462 687 503 insignem
715 470 838 489 ramum
868 460 1054 488 arteriosum
1081 465 1268 501 aperuerat3
1298 459 1442 490 clausum
1469 460 1533 490 fuit
1557 459 1646 491 nullst

310 532 329 551 »
346 520 424 551 vasis
445 517 508 547 laesi
528 514 634 546 habita
656 513 793 545 ratione:
819 510 872 541 sed
893 511 1052 553 aliquibus
1074 511 1185 554 elapsis
1210 512 1294 543 horis
1315 513 1474 543 sauciatus
1499 524 1646 555 magnam

313 569 521 614 »respirandi
545 567 763 599 difficultatem
786 564 946 607 percepit3
972 575 1049 594 vena
1069 565 1128 606 ipsi
1152 565 1214 595 fuit
1239 571 1340 596 secta:
1367 565 1537 597 advocatus
1562 567 1647 597 Petit

311 639 329 659 )>
346 627 424 663 fuit,
445 624 548 655 ablato
564 627 719 664 apparatu
735 619 817 650 nihil
834 618 997 660 sanguinis
1014 629 1031 649 e
1049 618 1182 649 vulnere
1198 619 1320 657 exibat,
1333 619 1468 649 ataxilla
1483 625 1514 650 et
1531 619 1646 651 vicinia

310 692 328 712 ))
345 678 471 722 majoris
491 675 658 720 pectoralis
675 680 707 705 et.
723 673 851 704 dorsalis
868 672 1041 703 admodum
1058 673 1195 711 tumida,
1212 673 1308 712 dura,
1327 673 1472 704 indolens
1487 680 1520 704 et
1535 674 1647 705 coloris

311 746 329 765 ))
344 732 465 764 subatri
492 730 656 773 apparuit3
684 727 736 758 illa
759 732 969 770 symptomata
997 727 1082 757 Petit
1106 727 1137 757 iu
1163 727 1194 757 id
1217 726 1418 757 induxerunt
1442 732 1479 758 ut
1504 726 1648 758 crederet

310 799 329 819 ))
345 786 551 829 sanguinem,
575 784 631 825 qui
657 793 720 812 non
744 780 880 823 amplius
904 785 973 822 post
993 781 1163 822 apparatus
1186 779 1429 822 applicationem
1448 791 1647 822 perversam,

311 854 329 873 ))
346 841 434 872 exire
459 850 476 870 e
501 837 635 870 vulnere
663 835 784 878 potuit,
816 844 882 864 sese
912 834 1068 875 recepisse
1098 833 1181 863 inter
1212 832 1305 863 telam
1332 832 1514 864 cellulosam
1545 833 1648 865 axillae

312 907 329 925 ))
346 893 555 937 ejusdemque
575 890 713 921 viciniae.
741 887 930 918 Incisionem
956 886 1097 916 instituit
1117 887 1150 916 iu
1171 897 1286 918 cavum
1309 885 1458 926 axillam,
1481 892 1513 917 et
1533 887 1649 918 exinde

310 960 329 979 ))
345 947 533 990 sanguinein
557 942 760 986 coagulatum
783 941 918 979 exemit,
936 951 999 982 quo
1021 940 1120 978 facto,
1140 939 1268 981 sanguis
1287 939 1404 970 rutilus
1426 950 1444 969 e
1459 940 1557 982 priori
1575 940 1649 971 vul-

311 1014 329 1032 ))
346 1011 423 1032 nere
443 999 537 1037 exiit3
560 998 708 1028 arteriam
730 1000 871 1037 apertam
894 993 993 1036 digito
1013 993 1172 1036 percepit,
1197 992 1282 1023 illam
1306 992 1449 1035 pulvillis
1471 993 1603 1025 occlusit
1619 1000 1651 1025 et

312 1059 460 1098 »quarto
491 1057 560 1095 post
586 1050 803 1093 operationem
828 1048 879 1078 die
903 1047 1027 1078 ablatus
1051 1046 1116 1078 fuit
1141 1052 1329 1089 apparatus,
1355 1047 1544 1089 suppuratio
1568 1045 1650 1078 bona

313 1122 331 1140 ))
349 1108 486 1150 incepit,
506 1105 694 1137 tumefactio
710 1109 741 1134 et
752 1102 947 1145 ecchymosis
963 1101 1191 1143 disparuerunt
1208 1107 1239 1131 et
1255 1112 1295 1131 ne
1312 1100 1501 1132 febriculam
1519 1100 1651 1144 quidem

313 1176 331 1194 ))
348 1167 515 1205 expertus,
532 1161 656 1202 integre
676 1158 801 1188 sanitati
824 1157 989 1187 restitutus
1012 1155 1072 1186 fuit
1093 1154 1165 1193 ille,
1186 1155 1241 1196 qui
1264 1154 1395 1184 forsitan
1412 1155 1573 1196 periisset,
1590 1156 1651 1186 nisi

314 1229 332 1248 »
349 1221 469 1247 mutata
494 1215 606 1245 fuisset
627 1212 796 1243 medicatio
822 1216 853 1241 et
873 1211 932 1239 nisi
957 1221 1048 1240 causa
1073 1209 1206 1239 tumoris
1230 1208 1341 1238 suisset
1361 1207 1524 1239 inventa.'’
1555 1209 1651 1240 Istam

312 1269 409 1302 retuli
427 1267 677 1299 observationem
696 1270 733 1296 ut
750 1269 957 1294 monstrarem
968 1286 975 1300 ‚
996 1267 1153 1304 quantum
1170 1267 1312 1303 oporteat
1328 1267 1365 1292 ut
1381 1261 1525 1292 medicus
1542 1261 1651 1304 legalis

313 1323 483 1365 investiget
504 1320 748 1352 medicationem
771 1329 842 1360 quae
867 1322 940 1347 ante
965 1322 1099 1346 mortem
1126 1315 1266 1346 adhibita
1290 1315 1371 1355 fuit3
1401 1327 1475 1346 nam
1499 1316 1532 1346 in
1553 1315 1651 1347 hocce

312 1379 407 1409 citato
427 1374 574 1418 exemplo
594 1375 618 1404 si
638 1373 760 1404 curatio
780 1383 843 1402 non
866 1370 977 1401 fuisset
999 1375 1070 1412 apta
1086 1368 1244 1408 adhibita,
1266 1380 1437 1411 gangraena
1459 1370 1614 1412 potuisset
1634 1381 1652 1401 e

312 1436 516 1475 putrescente
536 1428 692 1470 sanguine
710 1426 800 1464 oriri,
824 1436 894 1467 quae
911 1429 997 1455 certe
1013 1423 1051 1454 ad
1071 1429 1175 1466 patres
1193 1424 1325 1454 misisset
1343 1424 1538 1463 sauciatum,
1559 1423 1652 1467 cujus

312 1492 391 1517 tunc
413 1484 555 1521 lethum,
577 1481 663 1525 quod
679 1480 735 1511 soli
756 1489 913 1522 perversae
933 1477 1136 1508 medicationi
1155 1476 1347 1516 debebatur,
1370 1477 1501 1508 forsitan
1524 1477 1652 1509 vulneri

314 1538 510 1580 adscriptum
535 1536 657 1567 fuisset.
683 1534 710 1565 E
732 1533 890 1576 praedictis
914 1531 1059 1564 videmus
1080 1531 1187 1574 plagas
1210 1530 1430 1561 musculorum
1454 1537 1569 1571 sectas,
1591 1531 1653 1562 nisi

314 1592 547 1634 complicentur
575 1601 649 1621 cum
680 1588 739 1619 alia
769 1586 906 1629 quadani
938 1586 1102 1628 insigniori
1129 1585 1274 1623 laesione,
1304 1584 1386 1615 nihil
1413 1596 1478 1627 prae
1504 1596 1536 1616 se
1566 1585 1652 1616 ferre

314 1645 451 1684 lethale3
478 1643 648 1687 aliquando
673 1642 780 1673 tamen
806 1646 890 1671 secto
919 1639 1029 1683 majori
1054 1638 1226 1681 pectorali,
1255 1638 1486 1681 haemorrhagia
1509 1640 1652 1682 exsurgit

314 1706 401 1731 tanta
417 1706 454 1731 ut
473 1699 550 1730 huic
568 1698 738 1739 chirurgus
758 1695 934 1738 principem
955 1706 1044 1725 suain
1067 1704 1158 1736 opem
1176 1692 1317 1731 adferre,
1338 1699 1370 1724 et
1387 1693 1486 1735 ipsam
1503 1693 1652 1724 citissime

315 1753 463 1786 cohibere
487 1758 618 1795 cogatur
637 1751 694 1793 (2).

358 1807 429 1838 Jam
459 1806 660 1849 inquiremus
685 1803 763 1846 quid
791 1808 961 1845 puncturae
987 1801 1112 1832 essicere
1139 1802 1269 1844 possint.
1300 1800 1416 1832 Causas
1439 1800 1651 1833 indicavimus

316 1874 373 1894 cur
397 1859 637 1904 periculosiores
656 1858 719 1888 sint
737 1868 833 1900 quani
856 1856 988 1888 vulnera
1010 1861 1108 1896 secta,
1127 1856 1176 1886 his
1196 1856 1255 1887 alia
1276 1855 1398 1886 accedit
1418 1855 1524 1887 adhuc
1540 1867 1650 1896 causa,

317 1915 401 1959 quod
428 1926 544 1957 nempe
572 1912 755 1955 complicari
782 1911 901 1953 possint
930 1921 1060 1953 corpore
1088 1909 1311 1953 heterogeni0:
1337 1915 1439 1952 potest
1460 1910 1546 1941 enim
1569 1909 1650 1940 ensis

315 1976 483 2013 postquam
511 1967 671 1999 musculos
691 1965 921 2009 perforaverit,
947 1965 980 1995 in
1000 1970 1117 1996 costam
1137 1964 1276 2004 illidere,
1305 1975 1461 2007 suamque
1485 1963 1528 1995 ibi
1550 1964 1651 1994 aciem

377 2082 421 2111 (1)
439 2080 514 2109 Petit,
534 2080 554 2102 1.
572 2079 607 2106 l.⁷
630 2084 690 2101 tom.
712 2080 734 2101 1.
755 2086 811 2109 pag.
831 2078 871 2107 67.

377 2121 513 2152 (231‘eut,
533 2120 552 2143 Ι.
574 2120 609 2149 1.,
630 2124 690 2142 tom.
710 2121 731 2141 l.
754 2126 810 2149 pag.
833 2119 931 2148 73-74.
