1747 2620
674 278 809 322 (115)

119 354 417 386 Demonstravimus
441 353 576 386 vulnera
604 353 816 397 pulmonum,
838 365 910 397 quae
931 365 1047 397 magno
1071 357 1234 399 sanguinis
1254 359 1411 400 profluvio

74 409 249 452 stipantur,
272 408 345 440 ideo
365 420 430 439 non
450 419 575 451 semper
593 407 740 447 lethalia,
763 414 795 439 et
815 408 930 451 saepius
951 415 1059 441 curata
1082 422 1165 442 esse:
1189 423 1276 443 nunc
1297 414 1411 445 viden-

74 463 152 495 dum
180 469 227 494 est
252 463 329 505 quid
351 462 482 502 accidit,
508 463 534 493 si
559 468 674 505 praeter
703 473 772 494 vasa
796 462 994 504 sanguiflua,
1020 464 1134 504 etiam,
1161 471 1192 496 et
1215 470 1412 508 praesertim⁷

74 517 190 548 ductus
205 516 332 547 aeriferi
351 521 500 547 secantur
518 516 673 558 insignes:
693 514 822 559 jamjam
842 515 976 547 effectus
991 516 1147 561 ejusmodi
1163 518 1299 551 laesionis
1316 521 1412 564 paulo

73 577 166 601 antea
189 570 429 613 descripsimus;
454 569 619 602 videamus
640 569 718 612 quid
740 569 800 600 hac
821 569 860 600 de
882 582 917 601 re
939 577 1084 603 auctores
1107 573 1185 604 varii
1211 580 1242 604 et
1263 574 1413 607 observa—

72 625 174 655 tiones
195 623 339 655 doceant.
366 624 567 667 Hippocratis
587 625 669 655 circa
686 624 769 655 lianc
784 635 851 655 rem
873 624 997 666 opinio,
1017 631 1055 656 ut
1070 625 1214 658 Bohnius
1229 628 1329 659 refert
1348 629 1411 672 (1),

71 678 141 709 haec
160 684 224 708 est:
251 678 275 708 si
295 677 430 717 vulnus,
452 678 557 710 illaesis
576 679 655 710 vasis
672 678 880 721 sanguiferis,
901 690 1020 721 asperae
1039 682 1162 712 arteriae
1178 682 1261 714 intra
1281 684 1412 726 pulmo-

70 743 128 764 nes
156 732 359 764 reconditum
386 745 513 765 ramum
542 733 700 776 perforat,
731 738 866 764 mortem
892 744 950 775 per
979 744 1011 764 se
1037 740 1163 776 patrare
1192 743 1304 779 potest.
1338 739 1413 770 Haec

71 787 228 817 sententia
251 788 435 818 confirmata
459 786 586 819 videtur
607 786 826 819 observatione
846 799 863 817 a
879 786 1076 831 Glandorpio
1099 789 1202 820 edita:
1222 790 1326 822 Nauta
1348 793 1413 823 sci-

71 840 148 872 licet
179 852 218 872 ex
252 841 380 872 laesione
410 852 528 884 asperae
558 841 705 881 arteriae,
737 853 812 873 cum
848 842 1068 884 impetuosiori
1098 845 1178 875 aeris
1206 857 1264 888 per
1293 846 1411 879 vulnus

71 895 228 934 transitu,
256 901 288 925 et
312 895 476 938 sanguinis
502 896 642 938 spumosi
671 896 858 938 eruptione,
885 896 973 927 sexta
1000 897 1052 928 die
1077 898 1165 929 obiit.
1193 899 1249 930 Illa
1279 901 1411 943 quidem

70 947 208 991 probant
229 954 364 980 mortem
385 960 402 980 a
423 948 480 979 tali
503 948 639 981 vulnere
663 948 796 991 produci
821 960 927 991 posse,
950 950 1098 994 illudque
1120 953 1319 986 verissimum
1346 962 1410 997 est3

71 1001 127 1033 sed
147 1002 264 1033 exinde
285 1014 350 1033 non
371 1002 531 1034 deducere
550 1014 718 1046 possumus
739 1014 865 1046 semper
888 1010 920 1035 et
941 1006 1149 1038 essentialiter
1173 1008 1268 1040 talem
1286 1011 1411 1042 exitum

69 1055 189 1087 habere
209 1055 366 1100 ejusmodi
383 1057 541 1097 laesione53
562 1058 682 1089 etenim
704 1057 843 1089 multum
863 1058 927 1089 fuit
945 1059 1073 1092 illarum
1094 1061 1261 1104 plagarum
1280 1065 1412 1106 pericu-

68 1109 139 1141 lum
158 1117 388 1153 exaggeratum
411 1111 476 1154 (2);
501 1112 602 1143 refert
623 1111 804 1143 Richerand
830 1124 939 1144 casum
965 1114 1108 1146 vulneris
1134 1128 1280 1148 vasorum
1304 1120 1412 1151 aerem

68 1162 258 1195 ducentium
281 1165 399 1205 curati;
424 1171 501 1196 sunt
520 1165 668 1208 exempla
685 1177 759 1209 quae
776 1166 1015 1210 emphysemata
1037 1180 1169 1212 magna,
1193 1182 1232 1202 ex
1253 1172 1411 1216 ejusmodi

68 1217 208 1249 sectione
243 1217 398 1260 producta
414 1242 422 1258 ‚
458 1225 565 1250 sanata
600 1219 698 1250 fuisse
732 1219 951 1252 demonstrant
983 1228 1016 1253 et
1051 1224 1201 1266 equidem
1236 1226 1411 1268 ipsissimus

67 1267 187 1314 Larrey
204 1272 250 1314 (3)
267 1272 462 1315 singularem
475 1279 507 1304 et
521 1274 652 1304 omnino
666 1274 907 1306 memorandam
924 1275 1112 1307 relationem
1125 1278 1160 1308 in
1174 1278 1280 1310 lucem
1294 1280 1408 1322 edidit,

67 1336 141 1368 quae
161 1325 325 1368 pulmonis
340 1326 476 1367 vulnus,
498 1336 615 1370 magno
637 1327 878 1372 emphysemate
899 1330 1069 1373 stipatum,
1091 1339 1240 1365 curatum
1259 1335 1408 1367 exhibet:

67 1389 88 1410 )›
103 1379 140 1410 In
165 1379 249 1410 bello
277 1379 363 1423 quod
384 1380 475 1412 ‘Galli
503 1381 589 1424 apud
611 1382 738 1414 Russios
768 1390 950 1426 gesserunt,
979 1385 1012 1416 in
1045 1386 1197 1419 conflictu
1225 1388 1264 1420 ad
1292 1389 1406 1422 urbem

67 1444 87 1464 ³>
102 1432 264 1474 Wilnam,
287 1445 402 1477 corpus
425 1437 568 1477 praetoris
592 1436 777 1481 cujusdam,
801 1437 917 1470 abhinc
936 1438 1001 1484 jam
1025 1441 1139 1483 viginti
1160 1448 1298 1485 quatuor
1323 1444 1408 1476 horis

68 1487 308 1520 »vulneratum
338 1487 464 1532 jacenS‚
495 1489 636 1532 generali
661 1490 902 1535 emphysemate
928 1494 1181 1537 corripiebatur3
1211 1496 1289 1528 adeo
1319 1504 1406 1531 tensa

69 1547 174 1572 »erat
194 1542 275 1572 cutis
301 1548 339 1573 ut
363 1543 580 1574 extremitates
604 1544 714 1588 rigidae
736 1552 840 1577 essent
860 1552 892 1577 et
915 1547 1122 1589 inflexibiles,
1149 1555 1187 1581 ut
1210 1551 1409 1584 articulatio-

68 1606 182 1627 »num
212 1595 303 1639 plicae
327 1596 391 1640 jam
420 1609 484 1629 non
516 1598 655 1642 amplius
684 1600 875 1632 existerent:
908 1601 993 1633 oculi
1023 1603 1221 1636 tumentibus
1248 1606 1408 1649 palpebris

68 1660 87 1680 ))
103 1651 234 1681 omnino
254 1649 512 1692 obduoebantur,
528 1652 611 1684 labia
629 1654 663 1685 in
683 1660 808 1686 tantum
827 1655 979 1688 volumen
996 1658 1234 1700 intumuerant,
1257 1667 1293 1692 ut
1308 1661 1408 1705 liqui-

66 1713 86 1734 ))
102 1702 217 1734 dorum
233 1704 267 1734 in
280 1715 334 1735 ore
349 1704 453 1736 aditus
469 1706 643 1750 impeditus
658 1714 753 1747 esset3
770 1710 913 1742 anxietas
928 1711 1038 1743 aderat
1053 1724 1193 1753 summa,
1206 1726 1266 1746 vox
1280 1715 1406 1757 debilis,

67 1768 85 1788 ))
100 1757 293 1800 interrupta.
324 1759 449 1790 Lancea
475 1760 514 1791 ad
545 1761 749 1794 altitudinem
778 1764 889 1807 anguli
918 1765 1079 1798 inferioris
1107 1768 1246 1811 scapulae
1274 1771 1407 1803 sinistrae

67 1810 231 1855 »oblique
253 1819 366 1855 pectus
390 1822 606 1856 percusserat,
638 1816 678 1849 ad
702 1818 815 1850 intima
838 1819 990 1852 Thoracis
1014 1832 1131 1862 organa
1160 1828 1405 1865 penetraverat,

66 1876 85 1896 >³
101 1865 356 1910 pulmonemque
376 1868 613 1902 vulneraverat.
641 1872 798 1911 Quamvis
820 1874 1118 1917 integumentorum
1140 1876 1237 1907 sectio
1255 1878 1405 1920 parallela

65 1931 84 1951 ))
100 1931 164 1951 non
185 1927 266 1952 esset
287 1933 361 1953 cum
384 1922 519 1955 vulnere
539 1926 762 1959 musculorum
784 1928 1052 1967 intercostalium‚
1075 1927 1157 1960 labia
1176 1935 1283 1962 tamen
1302 1932 1404 1975 plagae

71 1993 1396 2013 Ἣ

125 2031 170 2060 (x)
185 2031 306 2060 Bohnius,
323 2031 340 2054 l.
359 2032 390 2061 l.,
409 2041 464 2064 pag.
483 2035 536 2058 261.

124 2072 169 2101 (2)
185 2071 354 2095 Dictionnaire
371 2073 411 2096 des
430 2075 532 2098 seiences
550 2076 651 2105 meldim,
674 2083 719 2101 art.
740 2079 851 2102 blessure.

123 2111 165 2141 (5)
181 2111 287 2142 Larrey,
307 2119 347 2143 op.
364 2113 446 2143 laud„
468 2119 526 2137 tom.
547 2116 591 2139 IV.
611 2125 665 2148 pag.
686 2126 734 2141 ιι-
747 2119 781 2141 ι5.
