1747 2620
736 226 848 269 (21)

122 305 296 336 illusoriam
317 313 398 342 esse,
417 301 478 333 nisi
496 300 547 345 jus
563 300 598 332 in
613 299 773 331 territorio
792 298 1009 330 commorandi
1028 297 1184 338 habeant,
1205 298 1357 331 levissimi
1377 311 1461 342 pon-

124 359 208 391 deris
226 364 284 389 est.
309 357 423 389 Nonne
443 356 530 387 enim
550 365 662 386 eorum
682 354 829 393 interest,
848 353 945 384 etiam
960 358 1105 396 tempore
1120 353 1272 396 precariae
1289 363 1356 384 suae
1372 364 1462 384 com-

123 412 307 445 morationis
322 422 471 454 personas
492 416 524 441 et
539 409 621 440 bona
642 419 698 440 sua
719 413 801 439 sarta
816 413 899 439 tecta
915 418 1056 448 servare,
1077 407 1201 439 etiamsi
1219 407 1329 451 paucis
1345 405 1461 438 abhinc

124 466 236 499 diebus
261 466 459 496 territorium
480 465 543 495 sint
568 460 782 494 derelicturi?

168 521 237 552 Alia
263 531 391 559 eorum,
418 519 474 562 qui
495 518 688 549 contrariam
713 516 898 559 opinionem
919 521 1069 555 tuentur,
1101 514 1236 559 objectio
1258 520 1321 554 est,
1345 513 1464 557 expul—

125 575 246 606 sionem
267 585 284 605 e
306 573 435 605 civitate
456 583 522 604 esse
543 583 690 615 poenam,
718 583 790 614 quae
815 571 893 602 adeo
917 571 1044 602 nonnisi
1068 582 1084 601 a
1105 569 1266 613 judicibus
1290 570 1324 600 in
1351 579 1465 600 conse-

124 629 290 673 quentiam
313 628 407 671 Legis
431 627 525 659 fund.
546 626 700 658 institutis
718 624 831 669 jubere
852 625 960 668 possit.
986 624 1110 655 Verum
1131 623 1227 666 plane
1252 623 1369 654 falsum
1398 628 1462 662 est,

123 684 158 715 in
179 695 255 714 casu
276 682 316 714 de
339 694 403 726 quo
428 682 552 725 agimus
578 680 801 723 expulsionem
822 690 888 711 esse
907 690 1054 722 poenam:
1083 679 1155 710 satis
1178 678 1266 709 enim
1286 689 1326 709 ex
1350 689 1465 721 supra-

126 737 216 769 dictis
238 743 344 780 patet,
369 748 440 768 earn
463 737 590 767 nonnisi
610 747 706 767 usum
727 734 807 779 juris
831 735 899 777 regi
921 733 1131 776 competentis
1152 743 1231 764 esse.

169 792 282 835 Itaque
301 791 560 823 concludendum
583 795 646 829 est,
663 790 866 833 peregrinos,
883 801 948 820 non
964 788 1107 819 obstante
1126 788 1219 831 Legis
1239 786 1333 818 fund.
1350 792 1409 818 art.
1427 786 1465 826 4,

125 846 245 890 expelli
271 858 289 878 e
321 846 482 878 territorio
512 845 643 888 Belgico
675 844 714 876 ad
743 844 826 887 regis
850 843 973 888 jussum
1002 853 1112 885 posse,
1143 841 1384 884 quamprimum
1409 850 1466 871 rex

125 913 238 933 eorum
264 901 548 932 commorationem
578 899 658 940 reip.
689 899 836 930 nocivam
862 903 918 928 aut
942 896 1154 939 periculosam
1176 895 1387 939 judicaverit3
1414 905 1466 925 eos

126 963 235 985 tamen
258 953 415 996 quamdiu
440 953 473 983 in
492 952 548 983 illo
566 962 677 984 revera
697 950 836 994 degunt,
860 961 1066 992 personarum
1089 949 1313 992 bonorumque
1332 948 1467 980 tutelam

126 1007 199 1051 jure
220 1007 385 1046 invocare3
403 1006 446 1037 ita
462 1011 513 1045 ut,
530 1005 670 1047 exempli
691 1016 802 1044 causa,
824 1004 1005 1047 explorator
1019 1003 1059 1035 ab
1074 1004 1163 1035 hoste
1178 1004 1308 1043 missus,
1331 1004 1426 1034 etiam
1442 1003 1467 1033 si

127 1061 214 1092 omni
233 1060 420 1102 imperantis
442 1058 733 1097 animadversione,
749 1069 810 1090 nec
826 1064 953 1089 tantum
968 1057 1106 1100 simplici
1122 1057 1316 1100 -expulsione
1335 1056 1466 1100 dignus,

126 1119 235 1144 tamen
257 1112 354 1143 simul
378 1123 414 1143 ac
438 1112 473 1143 in
497 1113 657 1144 territorio
687 1118 793 1145 nostro
819 1118 984 1153 versatur,
1017 1111 1168 1144 adversus
1192 1112 1332 1156 privatos
1357 1110 1466 1155 legum

125 1166 228 1199 tutela
252 1166 320 1199 frui
343 1165 469 1199 debeat.

169 1254 258 1285 XIII.
283 1253 449 1294 Vidimus,
471 1265 620 1297 quaenam
636 1253 827 1285 discriminis
842 1260 915 1285 nota
931 1254 1050 1286 incolas
1068 1267 1085 1286 a
1104 1254 1282 1298 peregrinis
1300 1254 1408 1285 stricte
1423 1253 1467 1284 sie

126 1308 218 1340 dictis
239 1307 432 1352 distinguat:
462 1309 648 1353 proximum
669 1314 717 1340 est
742 1314 779 1340 ut
804 1309 1055 1352 investigemuS,
1083 1308 1162 1353 quid
1186 1309 1271 1341 inter
1292 1307 1411 1340 incolas
1435 1313 1469 1339 et

126 1363 212 1395 cives
232 1362 385 1393 intersit?

172 1417 352 1457 Quoniam,
374 1422 413 1448 ut
437 1424 550 1448 num.⁰
571 1416 766 1460 praecedenti
786 1416 949 1458 dicebam,
972 1423 1143 1449 extraneus
1164 1418 1290 1449 nonnisi
1312 1416 1468 1460 peculiari

127 1476 220 1513 pacto
239 1470 290 1515 jus
305 1470 458 1503 domicilii
477 1471 648 1514 adquirere
663 1477 782 1514 potest,
804 1477 901 1515 atque
918 1472 1021 1503 omnis
1040 1473 1262 1515 interpretatio
1283 1471 1353 1502 talis
1365 1471 1467 1514 pacti,

131 1536 195 1568 quo
219 1526 329 1558 civitas
358 1525 409 1570 jus
432 1537 527 1557 suum
556 1525 745 1557 territoriale
775 1527 965 1566 coarctavit,
999 1527 1175 1559 necessario
1203 1526 1372 1558 limitativa
1402 1536 1468 1556 esse

130 1579 258 1620 debeat,
275 1579 350 1611 inde
365 1580 600 1611 conficiendum
617 1586 681 1620 est,
700 1586 908 1621 extraneum,
925 1582 1072 1625 quamvis
1088 1592 1162 1613 eum
1182 1581 1294 1614 civitas
1311 1581 1345 1611 in
1367 1580 1469 1623 parti-

129 1634 320 1677 cipationem
342 1634 423 1679 juris
446 1634 624 1675 incolatus,
649 1635 737 1679 quod
759 1636 952 1679 caeteroquin
974 1635 1098 1669 civibus
1121 1636 1290 1679 proprium
1317 1640 1382 1674 est,
1410 1634 1468 1665 ad-

130 1688 266 1728 miserit,
285 1694 392 1720 tamen
408 1688 481 1720 ideo
498 1700 704 1733 nequaquam
721 1690 852 1733 reliquis
870 1691 967 1721 etiam
983 1691 1102 1723 civium
1116 1689 1242 1734 juribus
1256 1689 1321 1721 frui
1339 1688 1466 1720 debere.

129 1741 253 1774 Verum
280 1742 298 1774 ἐ
322 1749 434 1775 contra
455 1743 541 1776 valet
562 1744 623 1775 hoc
645 1745 680 1775 in
704 1756 779 1776 casu
804 1744 936 1788 regula:
966 1744 1105 1777 inclusio
1128 1744 1227 1777 unius
1253 1749 1300 1775 est
1325 1743 1466 1774 exclusio

131 1795 277 1837 alterius,
295 1797 455 1841 adeoque,
478 1799 631 1842 quonia-m
649 1799 778 1831 nonnisi
797 1810 943 1843 expressa
961 1800 1131 1831 conventio
1148 1799 1241 1838 facit,
1262 1804 1300 1830 ut
1315 1797 1468 1829 domicilii

129 1850 207 1894 jure·
223 1851 373 1893 gaudeat,
396 1852 458 1884 illis
475 1852 601 1897 juribus
621 1864 750 1888 necesse
775 1859 822 1886 est
842 1864 919 1885 eum
938 1865 1063 1894 carere,
1089 1853 1129 1884 de
1150 1852 1267 1896 quibus
1286 1852 1368 1884 nihil
1388 1864 1467 1883 eon-

129 1905 230 1937 venit.
257 1905 305 1936 Ex
327 1905 425 1950 hujus
444 1907 595 1950 principii
616 1907 728 1939 norma
743 1907 855 1940 incolae
874 1908 1036 1948 extranei,
1059 1919 1138 1951 quos
1159 1907 1310 1948 dicimus,
1333 1907 1468 1939 civitatis

129 1957 261 2001 quidem
282 1960 451 2005 participes
470 1967 546 1992 sunt
565 1961 671 2005 quoad
688 1961 740 2007 jus
762 1968 920 2006 perpetuo
939 1973 1077 2006 regnum
1098 1961 1316 2002 inhabitandi,
1340 1968 1371 1993 et
1391 1961 1468 1992 reli-

130 2023 193 2057 qua
213 2012 284 2058 jura
307 2014 383 2046 inde
409 2014 643 2058 dependentia,
678 2018 812 2050 minime
835 2028 913 2051 vero
934 2016 1043 2061 quoad
1064 2017 1173 2048 omm'a
1194 2016 1318 2060 reliqua
1346 2016 1466 2048 civium

130 2065 217 2112 iura,
243 2067 284 2100 de
304 2068 427 2112 quibus
445 2068 501 2101 lex
523 2076 631 2103 nostra
649 2070 736 2103 silet.
