1747 2620
912 254 923 297 (
948 254 989 295 84
1015 255 1026 297 >

303 330 426 362 costalis
455 330 480 361 si
510 330 644 361 unicum
672 329 798 367 existit,
826 340 890 360 non
917 329 1057 361 multum
1087 330 1269 361 lethalitatis
1299 340 1366 372 prae
1390 340 1422 361 se
1447 330 1548 368 ferre,
1577 330 1636 361 nisi

303 396 400 427 quam
432 385 570 414 maxime
598 383 727 414 accedat
754 383 911 414 columnae
938 383 1126 423 vertebrali3
1159 384 1182 414 si
1210 384 1317 426 plures
1344 384 1466 414 arteriae
1491 383 1639 413 sauciatae

301 439 445 478 fuerint,
474 449 531 481 per
556 449 588 468 se
613 437 745 468 lethales
774 448 839 467 esse
865 435 919 466 has
945 436 1103 476 laesiones,
1134 448 1271 479 quarum
1307 436 1491 468 lethalitatis
1520 435 1637 479 gradus

302 493 409 525 adhuc
428 498 566 535 augetur
588 491 719 522 collecto
738 493 771 521 in
792 496 919 533 pectore
939 491 1111 533 sanguinef,
1130 502 1217 533 posse
1236 496 1342 521 tamen
1360 490 1409 521 his
1429 488 1638 521 incommodis

301 554 374 590 apta
397 546 536 578 remedia
556 545 728 588 applicari,
747 556 822 587 quae
842 545 1037 575 sanationem
1056 545 1104 575 his
1124 545 1310 576 vulneribus
1326 544 1496 576 conciliare
1512 544 1636 583 valent3

301 602 357 633 has
378 602 477 644 igitur
499 600 606 643 plagas
625 600 662 631 ad
682 599 815 632 vulnera
835 610 892 642 per
912 610 944 630 se
964 599 1093 630 lethalia
1117 599 1264 630 serendas
1286 610 1363 630 esse.

346 656 394 687 De
413 655 520 687 nervis
538 654 713 698 spinalibus
734 665 751 685 e
772 654 901 697 regione
920 652 1034 684 dorsali
1054 653 1170 684 canalis
1188 653 1332 684 rachitici
1353 651 1591 695 emergentibus
1606 657 1639 682 et

301 711 335 742 in
353 710 505 740 Thoracis
525 708 700 752 parietibus
717 707 908 746 distributis,
932 707 1012 737 nihil
1035 707 1086 738 hic
1102 706 1366 746 memorabimus,
1388 707 1539 749 quoniam
1556 705 1639 749 jam-

300 763 363 809 jam
384 764 424 795 de
444 763 493 795 his
513 774 615 794 sermo
637 762 701 794 suit
725 773 827 805 quum
848 761 888 794 de
909 761 1050 793 medulla
1070 761 1184 805 spinali
1207 762 1342 803 egimus.

299 896 321 941 g
347 897 403 928 VI.
439 907 570 935 QUAEDAM
591 908 628 927 DE
648 908 817 928 PULMONUM
832 907 965 936 IIERNIIS,
991 908 1027 927 ET
1047 908 1084 926 DE
1099 907 1288 927 SECTIONIBUS
1304 905 1452 927 TIIORACIS
1471 906 1639 934 PARIETUM,

556 972 624 999 QUAE
647 971 746 992 AEREM
769 972 800 991 IN
823 971 920 991 HOCCE
944 970 1047 991 CAVUM
1071 970 1242 990 PENETRARE
1265 970 1384 989 SINUNT.

346 1059 528 1102 Antequam
546 1059 584 1090 ad
599 1059 733 1091 vulnera
749 1059 890 1101 partium
907 1063 1129 1088 contentarum
1147 1056 1334 1099 exponenda
1348 1066 1405 1087 nos
1421 1054 1641 1098 accingamus,

302 1118 427 1156 oportet
441 1112 561 1155 aliquid
579 1112 684 1144 adhuc
700 1111 886 1156 adjiciamus
902 1111 941 1142 de
959 1111 1080 1142 herniis
1098 1110 1301 1153 pulmonum.
1322 1110 1415 1141 Forte
1436 1110 1507 1153 quis
1528 1108 1641 1140 absur—

302 1166 381 1198 dum
396 1166 481 1197 dicet
500 1178 556 1197 nos
576 1166 636 1197 hoc
653 1166 722 1198 loco
745 1177 839 1209 agere
859 1165 898 1197 de
919 1165 1112 1208 pulmonum
1133 1164 1272 1203 heruiis;
1293 1170 1325 1195 at
1342 1164 1428 1196 enim
1444 1174 1520 1195 vero
1539 1174 1641 1206 quum

301 1220 356 1252 ille
369 1219 498 1251 morbus
516 1220 640 1259 existit,
656 1231 721 1250 non
740 1219 900 1250 ordinario
916 1219 1106 1252 vulneratur
1121 1218 1248 1261 pulmo,
1264 1218 1333 1249 loco
1348 1229 1405 1249 suo
1421 1216 1643 1248 tantummodo

301 1286 360 1318 pro
382 1274 488 1317 aliqua
509 1280 600 1318 parte
624 1279 784 1313 mutatur,
808 1273 890 1305 nihil
910 1273 944 1304 in
965 1284 1002 1304 eo
1023 1278 1070 1303 est
1090 1272 1176 1316 quod
1196 1271 1340 1311 laeditur,
1358 1271 1411 1302 illa
1432 1271 1558 1302 affectio
1578 1282 1643 1301 non

302 1328 535 1359 determinatur
560 1328 620 1359 nisi
647 1328 794 1359 sauciatis
818 1328 955 1371 pectoris
975 1327 1221 1372 integumentiS,
1249 1337 1324 1369 ergo
1348 1325 1387 1357 de
1407 1325 1458 1356 his
1481 1324 1641 1368 agendum

302 1389 350 1414 est
368 1383 401 1414 in
424 1383 564 1414 sectione
584 1382 682 1414 hacce
707 1393 780 1425 quae
800 1383 840 1414 de
860 1381 1041 1414 laesionibus
1066 1382 1208 1424 partium
1231 1379 1383 1411 Thoracis
1407 1379 1642 1410 continentium

302 1437 378 1480 agit.
408 1436 527 1468 Hernia
551 1436 744 1480 pulmonum
771 1448 806 1468 ea
831 1442 878 1468 est
901 1436 1004 1475 laesio,
1025 1435 1105 1478 quai,
1131 1435 1223 1467 sectis
1243 1434 1392 1476 primitus
1412 1433 1644 1477 integumentis

302 1490 511 1530 thorachicis,
540 1490 701 1533 pulmonis
725 1502 797 1533 pars
824 1489 969 1533 quaedam
1000 1500 1072 1520 cum
1098 1489 1210 1532 pleura
1239 1488 1294 1519 sil-21
1323 1487 1503 1532 proeminet
1525 1497 1543 1517 e
1568 1486 1644 1518 vul-

302 1555 381 1575 nere
411 1545 477 1586 (1);
510 1544 563 1575 illa
593 1544 719 1575 affectio
747 1545 847 1577 rarior
875 1543 1006 1587 quidem
1041 1549 1104 1583 est,
1137 1543 1192 1574 sed
1228 1541 1326 1586 hujus
1353 1547 1460 1572 tamen
1487 1539 1643 1571 nonnulla

303 1598 450 1641 exempla
470 1598 626 1641 leguntur
647 1598 733 1641 apud
756 1598 878 1629 Fabric.
902 1597 1096 1635 Hildanum,
1118 1597 1288 1640 Tulpium,
1317 1595 1550 1639 Ruysschium,
1579 1594 1644 1625 Ro-

303 1651 437 1683 landum
459 1658 492 1683 et
512 1653 670 1695 Loyseaw,
694 1663 803 1683 omnes
827 1651 889 1683 illae
910 1663 927 1682 a
950 1652 1043 1683 variis
1066 1651 1114 1681 his
1133 1649 1317 1681 auctoribus
1333 1649 1519 1691 conscriptae
1534 1647 1644 1679 obser-

303 1707 463 1745 vationes,
486 1706 567 1737 nihil
588 1706 671 1737 hanc
693 1706 893 1737 affectionem
915 1705 1084 1749 periculosi
1106 1716 1203 1748 penes
1222 1715 1254 1735 se
1272 1703 1390 1734 habere
1406 1702 1644 1741 demonstrant·⁷

306 1772 415 1792 omnes
439 1761 543 1800 enim,
565 1760 627 1791 tale
646 1760 723 1803 quid
748 1761 905 1803 perpessi,
923 1760 1107 1792 brevissimo
1130 1759 1280 1801 temporis
1294 1759 1395 1801 spatio
1417 1757 1558 1802 pristinae
1579 1767 1645 1787 suae

305 1815 432 1847 sanitati
453 1815 592 1846 restituti
612 1814 765 1854 fuerunt,
791 1814 909 1857 absque
930 1825 966 1845 eo
987 1820 1023 1845 ut
1043 1814 1089 1858 (2)
1111 1813 1240 1858 aliquod
1259 1812 1413 1844 damnum
1430 1810 1546 1842 exinde
1569 1821 1644 1853 per—

306 1870 466 1913 ceperint,
489 1868 548 1899 nisi
571 1867 755 1899 tussiculam
778 1879 850 1911 quae
873 1868 960 1899 haud
979 1867 1179 1899 incommoda
1202 1873 1286 1907 erat;
1313 1865 1454 1898 remedia
1475 1865 1552 1896 huic
1570 1863 1644 1896 vul-⁴

306 1924 375 1955 neri
407 1921 611 1966 applicanda,
645 1928 720 1953 sunt
747 1922 798 1954 vel
826 1922 989 1962 reductio,
1021 1922 1070 1955 vel
1100 1921 1244 1953 abscissio
1273 1920 1426 1966 portionis
1452 1930 1469 1951 e
1498 1918 1646 1949 Thorace

365 2037 410 2066 (1)
426 2037 517 2066 Boyer,
538 2037 655 2060 maladies
673 2036 799 2068 chirurg.‚
820 2041 880 2060 tom.
903 2036 963 2060 Vn.
985 2044 1042 2067 pag.
1062 2037 1116 2059 261.

365 2077 409 2107 (2)
426 2077 509 2106 lbid.,
679 2076 760 2106 ibid„
981 2084 1038 2108 pag.
1058 2077 1098 2100 261
1119 2081 1142 2100 et
1158 2084 1228 2108 seqq.
