1747 2620
696 264 808 305 (37)

141 395 165 438 g
196 395 236 427 V.
283 406 320 426 nn
351 403 541 432 PULMONUM,
571 399 770 428 PLEURARUM,
808 397 1076 426 MEDIASTtNORUM,
1107 394 1384 420 nnoncmommqnn

553 466 591 486 ET
624 462 766 485 TRACIIEAE
799 462 976 482 FUNCTIONE.

144 559 319 602 Respiratio
339 569 375 589 ea
395 563 442 588 est
466 556 636 599 organismi
657 554 798 593 functio,
820 552 883 595 qua
905 552 1033 595 sanguis
1051 561 1203 589 venosus,
1224 555 1389 593 postquam
1413 559 1429 578 a

100 618 267 656 systemate
290 611 432 654 capillari
454 609 593 653 generali
615 619 671 652 per
693 618 788 640 venas
811 612 897 636 trans
914 606 1018 637 corin
1037 605 1206 648 pulmones
1225 602 1429 647 pervenerit,

100 667 211 699 vitales
233 672 337 709 partes
356 677 395 697 ex
420 667 493 696 aere
513 664 641 703 haurit,
674 661 781 693 indole
801 665 946 691 mutatur
972 665 1004 690 et
1026 659 1194 690 arteriosus
1223 659 1268 688 fit.
1302 655 1430 698 Duplex

100 726 148 751 est
167 720 199 750 in
223 720 282 750 hac
301 720 468 751 functione
484 715 677 760 perficienda
697 715 982 757 pliaenomenorum
998 712 1090 751 ordo,
1111 711 1296 742 mechanica
1315 719 1431 751 nempe

101 779 133 804 et
153 772 313 811 chemica,
339 783 412 803 nam
432 777 470 802 ut
490 772 544 801 aer
564 769 675 800 intima
698 767 890 811 pulmonum
912 766 998 797 adire
1017 766 1130 808 possit,
1155 764 1189 795 hi
1210 769 1307 807 egent
1328 762 1431 794 conti-

101 838 167 858 nuo
188 826 379 858 dilatationis
402 823 698 865 constrictionisque
719 827 827 860 motu,
849 831 914 863 quo
936 825 1092 859 cessante,
1114 829 1179 850 non
1201 816 1338 860 amplius
1358 827 1432 847 san—-

101 881 172 923 guis
192 886 346 912 mutatur.
372 879 423 910 Illi
445 885 566 918 motus,
589 878 645 920 qui
660 877 870 920 phaenomena
895 873 1078 905 mechanica
1098 872 1313 909 constituunt,
1333 881 1432 912 appa—

100 939 174 965 ratu
191 933 365 965 musculari
380 932 557 963 Thoracem
573 932 722 973 cingente
743 930 967 972 perficiuntur.
991 927 1123 958 Illorum
1144 924 1272 969 jamjam
1290 923 1433 966 descrip-

100 987 220 1018 tionem
236 986 461 1028 persolvimus,
478 984 517 1016 de
529 983 685 1016 musculis
697 983 849 1014 Thoracis
864 982 1042 1024 loquentes.
1058 980 1209 1011 Testante
1221 978 1372 1009 Buisson
1385 976 1433 1019 (1)

101 1039 272 1083 pulmones
292 1040 325 1070 in
345 1038 537 1070 dilatationis
553 1044 651 1080 atque
666 1037 898 1068 constrictionis
918 1041 1007 1067 motu
1028 1034 1159 1066 omnino
1178 1033 1301 1076 passive
1315 1036 1433 1074 agunt,

102 1099 134 1124 et
149 1092 358 1124 essentialiter
372 1091 522 1123 Thoracis
537 1090 763 1134 impulsionem
779 1095 961 1132 sequuntur
972 1089 1029 1130 (2).
1053 1088 1269 1119 Phaenomena
1285 1084 1434 1116 secundae

101 1146 194 1177 seriei
217 1145 360 1176 chemica
381 1150 472 1184 sunt,
498 1150 530 1175 et
549 1145 582 1175 in
603 1144 679 1186 ipsis
699 1143 890 1186 pulmonum
910 1141 1039 1172 latebris
1058 1140 1282 1183 perficiuntur.
1300 1137 1435 1169 Pulmo-

100 1210 171 1240 nes,
209 1200 257 1231 uti
287 1198 351 1243 jam
378 1198 534 1238 diximus,
574 1198 684 1230 multis
708 1203 805 1240 atque
836 1195 930 1228 variis
950 1193 1094 1237 partibus
1123 1192 1336 1224 constitutivis
1366 1191 1435 1222 for-

100 1258 247 1293 mantur,
269 1264 340 1296 quae
360 1263 469 1283 omnes
489 1263 560 1283 suas
579 1252 662 1283 vices
684 1256 854 1295 peragunt.
877 1249 1011 1281 Arteriae
1027 1246 1227 1291 pulmonales
1243 1246 1433 1289 sanguinem

99 1319 1427 1334 Μ

161 1367 205 1397 (ι-)
222 1367 323 1395 Bichat,
346 1365 468 1389 anatornie
487 1365 645 1396 descriptive,
665 1369 729 1387 tom.
744 1364 791 1387 IV.
809 1371 865 1395 pag.
883 1364 896 1385 3
910 1367 933 1386 et
950 1371 990 1393 27.

161 1407 206 1436 (2)
222 1406 319 1429 Timide
334 1406 375 1428 hic
392 1405 485 1436 aliquid
504 1405 607 1435 objicere
625 1404 668 1427 vix
685 1404 774 1432 audeo,
798 1411 851 1426 cum
872 1403 923 1427 haec
938 1402 1057 1426 sententia
1078 1401 1173 1425 Bichati
1193 1400 1336 1424 anctoritate
1351 1399 1436 1422 sufful-

101 1446 190 1470 ciatur.
213 1446 332 1469 Attamen
346 1446 396 1468 haec
413 1445 476 1468 mihi
492 1444 628 1468 observatio
649 1444 722 1467 obvia
743 1444 809 1467 venit
825 1453 830 1466 z
859 1444 960 1474 ipsemet
979 1443 1095 1467 Bichatus
1113 1443 1139 1465 iu
1160 1442 1273 1465 ductibus
1289 1441 1436 1471 pulmonum

102 1486 213 1509 aeriferis
225 1486 373 1509 musculares
392 1484 465 1508 fibras
483 1483 608 1507 admittit:
632 1483 652 1506 si
673 1483 755 1506 adsint
776 1483 813 1506 hae
834 1483 899 1506 fihrae
918 1491 989 1506 usum
1008 1490 1183 1514 quemcumque
1201 1488 1311 1512 peragere
1329 1480 1435 1508 debent,

102 1532 160 1548 nam
172 1525 210 1548 nil
226 1533 335 1556 unquam
350 1529 439 1558 natura
458 1531 663 1555 supervacaneum
681 1524 753 1552 fecit3
773 1528 845 1555 atque
862 1525 903 1547 ille
920 1532 977 1547 usus
994 1531 1044 1547 non
1063 1527 1141 1554 potest
1159 1522 1207 1545 nisi
1227 1522 1252 1544 in
1270 1520 1435 1545 contractione

103 1566 208 1594 versari;
225 1573 278 1596 qnae
292 1566 312 1588 si
326 1566 406 1589 locum
421 1566 511 1594 habet,
529 1565 662 1588 necessario
680 1565 768 1588 debent
787 1565 873 1588 d'uctus
892 1564 990 1588 a'e'riferi
1010 1563 1132 1595 angustari
1148 1567 1172 1586 et
1188 1564 1229 1585 ae‘r
1248 1560 1349 1592 expelli.
1373 1560 1436 1584 Prae-

104 1609 167 1628 terea
185 1605 297 1636 quamvis
313 1605 424 1636 analogia
440 1610 508 1628 caute
525 1605 643 1628 utendum
659 1605 691 1628 sit
707 1605 734 1628 in
747 1605 818 1628 rebus
834 1605 1026 1636 physiologicis,
1045 1609 1124 1627 tamen
1144 1603 1194 1626 haec
1213 1610 1263 1625 non
1284 1601 1385 1624 omnino
1402 1608 1436 1623 re—

103 1644 209 1674 jicienda
225 1649 273 1673 est,
290 1645 422 1674 praesertim
439 1653 493 1668 cum
512 1653 542 1668 ex
555 1645 679 1668 anatomia
694 1646 831 1676 comparata
850 1645 994 1668 deducatur.
1018 1645 1045 1666 ln
1060 1643 1172 1666 omnibus
1183 1641 1347 1666 testudinibus
1357 1644 1433 1663 totum

104 1691 189 1714 corpus
211 1684 353 1707 densissima
371 1688 395 1707 et
414 1684 496 1707 cedere
518 1685 595 1708 nescia
616 1686 697 1708 crusta
722 1685 873 1714 involvitur3
899 1684 1033 1707 immobilis
1051 1691 1106 1715 ergo
1131 1688 1166 1707 est
1182 1684 1269 1706 thorax
1289 1689 1366 1713 neque
1384 1681 1435 1711 pul-

105 1724 184 1746 monis
209 1724 351 1747 dilatationi
380 1728 459 1754 potest
490 1724 628 1753 inse1·vire;
656 1728 764 1748 attamen
790 1725 840 1748 haec
865 1725 983 1748 animalia
1012 1725 1147 1755 respirant,
1174 1726 1215 1746 ae'r
1240 1722 1312 1746 etiam
1338 1722 1434 1751 ejicitur

106 1763 262 1792 pulmonibus
280 1764 367 1794 absque
386 1764 503 1787 Thoracis
519 1764 625 1793 actione;
643 1764 765 1795 quomodo
785 1764 857 1796 igitur
874 1765 903 1788 fit
917 1766 968 1788 haec
986 1765 1098 1788 functio?
1120 1764 1208 1787 A'e'rem
1228 1762 1367 1793 deglutiunt
1385 1769 1433 1784 nou

109 1809 173 1825 secus
195 1811 222 1827 ac
243 1812 287 1827 uos
308 1804 431 1835 liquidum
456 1805 615 1836 deglutimus,
634 1809 658 1828 et
678 1805 711 1828 sic
731 1805 863 1836 deglutitus
885 1807 926 1828 ae'r
944 1813 986 1836 per
1007 1805 1127 1828 actionem
1146 1803 1269 1834 propriam
1289 1802 1433 1832 pulmonum

108 1841 172 1865 lente
187 1843 297 1873 quidem,
312 1845 354 1868 sed
368 1849 431 1869 certe
446 1850 527 1868 tamen
542 1845 685 1876 expellitur3
704 1846 760 1869 bina
779 1847 829 1869 haee
844 1851 967 1869 momenta
983 1850 1081 1877 possent
1093 1845 1194 1868 sortasse
1208 1848 1291 1867 contra
1307 1843 1435 1874 passivita-

110 1885 157 1904 tem
173 1882 199 1904 in
213 1883 364 1913 expiratione
376 1885 494 1909 militare.
516 1886 564 1909 Hic
580 1891 659 1917 posset
676 1887 749 1917 objici
767 1887 793 1910 in
808 1886 940 1910 bati-achiis
958 1890 982 1909 et
998 1885 1116 1909 cheloniis
1133 1884 1258 1907 musculos
1268 1883 1339 1906 binos
1355 1883 1435 1905 adesse

107 1925 295 1965 tetrosternum,
313 1925 354 1954 qui
369 1925 412 1948 sub
430 1926 596 1949 contractione
615 1928 658 1950 sua
675 1928 802 1958 pulmones
819 1935 926 1958 premere
946 1927 1040 1954 valent3
1060 1930 1085 1948 at
1102 1926 1130 1948 in
1147 1925 1260 1948 omnibus
1278 1924 1396 1947 cheloniis
1412 1928 1435 1946 et

108 1966 241 1990 praeserum
264 1962 288 1984 in
307 1964 424 1987 testudine
445 1966 540 1989 marina
560 1966 688 1997 pulmones
703 1976 747 1999 per
763 1967 837 1990 totins
858 1966 964 1997 corporis
981 1965 1162 1996 longitudinem
1179 1965 1269 1988 mirum
1287 1965 1314 1988 in
1334 1964 1434 1988 modum

108 2000 289 2030 extenduntur,
300 2006 324 2024 et
339 2004 440 2027 musculi
455 2005 494 2035 hi,
513 2006 555 2037 qui
571 2007 737 2038 magnitudini
755 2006 830 2029 sterni
848 2006 1007 2037 respondent,
1027 2012 1077 2028 non
1094 2009 1195 2036 possunt
1212 2012 1393 2036 quaquaversus
1407 2003 1434 2025 in

107 2041 235 2106 pulmonies
254 2050 335 2074 agere,
352 2047 376 2067 et
396 2044 458 2068 actio
479 2045 578 2071 illorum
596 2047 646 2072 fere
663 2048 733 2072 nulla
750 2047 819 2071 debet
838 2054 886 2070 esse
907 2046 935 2070 in
954 2045 1084 2070 abdomine
1105 2045 1148 2069 ubi
1167 2045 1295 2077 pulmones
1311 2043 1435 2068 intestinis

108 2089 197 2108 circum
220 2088 301 2108 autur.
