1747 2620
694 260 707 302 (
731 261 773 301 49
797 261 809 303 )

137 341 284 373 Gravitas
304 339 405 383 plaga:
427 337 592 383 cujusdam
613 347 630 367 e
650 334 816 366 nobilitate
832 335 930 377 partis
949 334 1096 366 sauciatae
1116 335 1257 377 profluit.
1285 336 1428 369 Arteria-

90 408 166 429 rum
189 396 344 427 sectiones
366 404 475 425 omnes
496 391 583 423 haud
600 395 675 421 sunt
690 389 824 420 lethales
842 388 907 431 (1):
929 400 1002 419 nam
1024 389 1048 419 si
1068 400 1138 431 pars
1153 390 1238 420 inter
1258 390 1376 422 vulnus
1398 398 1431 423 et

91 462 146 482 cor
166 449 273 493 jacens
295 448 464 490 comprimi
485 445 536 478 vel
558 445 671 476 arteria
693 444 764 474 laesa
786 443 922 486 ligatura
948 444 1121 486 constringi
1143 450 1247 486 potest
1268 446 1431 488 sanguinis

93 504 269 547 impeditur
290 502 412 540 exitus,
439 506 471 531 et
496 499 654 531 lethalitas
674 504 812 529 arcetur.
841 497 916 536 Quo
942 498 1057 528 arteria
1083 498 1184 541 major
1209 499 1265 538 sit,
1290 505 1323 530 et
1344 499 1432 530 cordi

93 558 244 596 vicinior,
262 567 299 587 eo
319 554 478 586 difficilius
493 554 568 584 artis
585 553 688 584 media
704 552 923 595 applicantur,
939 558 971 583 et
983 552 1061 583 dum
1079 552 1283 595 applicantur
1301 564 1338 584 eo
1357 559 1433 585 sunt

93 612 201 643 minus
216 609 371 649 efficaci-‘113
391 609 436 640 vis
452 608 538 639 enim
555 607 656 638 cordis
673 608 777 638 omnia
790 612 920 649 superat
935 606 1165 649 impedimenta
1182 619 1253 650 quae
1268 608 1432 651 sanguinis

93 664 195 696 exitui
216 663 408 709 opponimus
424 661 486 704 (2);
504 668 611 692 tamen
626 661 768 692 existunt
784 659 1034 700 observationes,
1053 672 1124 703 quae
1140 673 1329 704 magnarum
1346 668 1434 694 arte—-

92 719 213 750 riarum
227 717 334 760 plagas
353 722 423 759 post
437 727 586 759 magnam
599 714 762 757 sanguinis
778 713 1032 756 deperditionem
1051 714 1213 745 obtura-tas
1228 726 1294 746 esse
1308 715 1431 747 volunt.

92 772 238 804 Vulnera
267 777 375 802 tamen
410 770 599 801 arteriarum
629 767 808 811 majorum,
840 778 912 809 quae
942 769 1082 810 corporis
1113 769 1273 800 internam
1308 775 1434 812 partem

92 831 221 866 tenent,
249 831 385 856 mortem
415 824 483 855 fere
507 834 633 866 semper
653 822 839 865 producunt
861 821 908 864 (3)
934 823 1086 864 quoniam
1110 823 1169 853 ista
1193 834 1266 855 vasa
1288 824 1434 866 proxima

93 879 181 911 cordi
210 885 308 918 sunt,
341 878 493 921 quoniam
523 888 606 920 saepe
636 888 701 907 non
730 887 897 919 possumus
927 877 1117 919 sanguinem
1152 883 1389 909 extravasatum
1417 889 1435 910 e

93 934 229 966 cavitate
245 933 383 964 educere
400 933 433 963 in
452 931 514 974 qua
532 931 710 973 colligitur,
726 941 833 973 neque
847 935 970 962 naturae
989 941 1048 973 ope
1064 930 1224 962 absorberi
1243 931 1297 963 ille
1312 937 1433 975 potest3

93 986 181 1019 unde
196 993 275 1018 tune
290 987 378 1019 vario
394 985 504 1025 modo,
522 985 676 1016 irritando
688 990 719 1015 et
737 985 949 1027 putrescendo
965 986 1070 1017 vicina
1086 996 1204 1028 organa
1218 986 1252 1016 in
1267 985 1435 1018 abnormes

94 1040 204 1073 turbas
225 1042 308 1081 ciet3
335 1046 489 1083 praeterea
515 1051 616 1082 quum
643 1050 715 1070 vasa
740 1038 794 1068 illa
819 1039 976 1069 inaccessa
997 1040 1060 1069 sint
1081 1039 1307 1083 chirurgorum
1330 1041 1436 1072 mani-

94 1095 168 1135 bus,
194 1095 269 1137 ipsis
294 1099 366 1136 apta
394 1093 563 1124 medicatio
590 1091 743 1134 applicari
773 1093 903 1134 nequit,
930 1092 994 1134 qua
1015 1092 1199 1132 deficiente,
1225 1093 1435 1137 haemorragia

93 1159 220 1191 semper
242 1147 450 1191 ,progreditur
474 1153 571 1189 atque
598 1146 767 1189 proserpit.
799 1146 920 1177 Mersus
944 1152 1041 1189 atque
1067 1147 1237 1190 plagarum
1259 1154 1435 1181 venenata—

94 1215 166 1235 rum
187 1201 370 1245 periculum
390 1207 438 1232 est
458 1200 631 1233 relativum
655 1212 729 1232 cum
749 1211 875 1233 veneno
900 1200 1040 1232 textibus
1061 1201 1219 1245 applicato
1241 1202 1300 1245 (4).

138 1256 306 1289 Ambustio
325 1255 372 1298 (5)
397 1254 449 1288 vel
468 1255 544 1298 igne
563 1255 615 1288 vel
636 1255 775 1286 caustico
798 1254 936 1297 quodam
958 1255 1165 1297 producitur,
1184 1256 1326 1288 consistit
1345 1269 1435 1289 nunc

93 1312 128 1343 in
149 1310 386 1349 rubefactione‚
413 1309 465 1342 vel
486 1309 758 1348 inflammatione,
784 1320 872 1340 nunc
894 1309 928 1339 in
952 1309 1219 1351 carbonisatione,
1249 1322 1338 1343 nunc
1361 1318 1436 1344 tan—

95 1364 169 1396 dem
190 1364 225 1394 in
251 1362 340 1394 totali
363 1362 579 1393 destructione
603 1363 710 1394 textus
733 1361 910 1406 cujusdam.
949 1363 982 1395 Si
1003 1364 1043 1395 ad
1063 1365 1265 1408 superficiem
1295 1368 1436 1409 corporis

93 1418 266 1456 limitatur,
288 1427 402 1459 parum
421 1415 558 1458 periculi
579 1416 689 1455 affert,
710 1416 735 1447 si
756 1427 821 1447 non
841 1416 881 1447 ad
896 1428 1050 1460 magnum
1067 1419 1207 1461 spatium
1227 1420 1434 1452 extenditur:

95 1459 150 1504 sed
179 1471 205 1502 si
229 1471 395 1514 ingentem
422 1469 562 1512 corporis
594 1469 775 1512 superficiei
802 1476 926 1513 partem
956 1471 1164 1515 aggreditur,
1195 1484 1268 1504 mox
1297 1480 1435 1506 mortem

95 1530 262 1569 provocat,
284 1524 362 1555 dum
384 1535 402 1555 e
423 1529 533 1556 contra
551 1524 577 1555 si
595 1524 756 1567 profunda
776 1530 823 1556 est
841 1530 873 1556 et
890 1537 955 1557 non
975 1525 1039 1558 lata
1060 1532 1197 1559 mortem
1217 1528 1344 1559 nonnisi
1365 1534 1436 1571 post

97 1578 219 1621 aliquot
244 1577 310 1608 dies
330 1577 531 1609 determinat.

141 1632 369 1663 Fracturarum
395 1633 558 1675 prognosis
576 1632 736 1677 dependet
762 1647 777 1667 a
802 1641 893 1678 parte
913 1635 1033 1676 fracta,
1056 1648 1073 1668 a
1100 1636 1324 1672 varia,har11m
1345 1649 1435 1669 com—

98 1686 284 1729 plicatione,
312 1685 351 1717 ab
371 1686 588 1719 accidentibus
608 1699 680 1731 quae
703 1688 881 1722 obveniunt
900 1696 933 1722 et
953 1689 992 1721 ab
1012 1696 1106 1722 aetate
1127 1691 1289 1734 praecipue
1314 1691 1435 1725 indivi-

101 1739 156 1772 dui
177 1739 242 1772 laesi
263 1740 322 1783 (6).

143 1793 350 1826 Distorsiones
374 1800 406 1826 et
429 1794 609 1828 luxationes
629 1808 666 1829 eo
690 1804 766 1830 sunt
786 1798 1028 1842 periculosiores
1051 1810 1116 1843 quo
1137 1805 1242 1842 partes
1264 1799 1434 1832 nobiliores

112 1857 1257 1871 Ἢ

163 1892 208 1922 (ι)
223 1894 326 1924 Mahon,
347 1897 414 1920 meld.
431 1898 496 1928 leg-³,
516 1902 578 1921 tom.
599 1900 635 1921 II.
656 1906 713 1930 pag.
734 1899 774 1922 83.

163 1933 208 1962 (2)
224 1934 333 1964 Ibidem,
355 1942 416 1960 tom.
437 1940 474 1961 ΙΙ.
492 1946 550 1970 pag.
571 1939 611 1962 82.

162 1973 207 2002 (5)
224 1973 316 1997 Ibidem
326 1974 338 2004 ‚⁷
355 1980 414 2000 tom.
441 1980 478 2002 11.
500 1987 558 2010 pag.
580 1979 621 2002 84.

162 2014 208 2043 (4)
224 2014 314 2045 Orsua,
334 2017 400 2040 me'd.
419 2018 506 2049 legale,
524 2024 585 2042 tom.
604 2022 627 2043 1.
649 2020 687 2044 2⁶¹³
700 2021 792 2052 partie,
810 2027 867 2051 pag·
888 2020 943 2050 594-

162 2053 204 2082 (5)
223 2054 291 2084 ibid,
506 2059 582 2082 idem.
811 2068 868 2091 pag·
888 2061 942 2092 593-

162 2094 207 2124 (6)
223 2095 290 2126 1bid,
506 2099 581 2123 idem.
810 2109 868 2133 pag.
888 2101 945 2132 592.
