1747 2620
874 222 1007 265 (133)

277 295 418 334 xidetur,
445 295 500 326 sed
518 295 572 326 ille
593 295 725 327 ess'ectus
746 307 762 326 a
786 296 892 327 dolore
918 308 982 339 quo
1007 296 1142 327 aflicitur
1166 296 1323 338 petendus
1345 302 1408 328 est:
1433 297 1458 327 si
1480 297 1610 329 alterius

274 350 380 381 lateris
398 361 513 392 vagum
536 362 592 393 par
612 356 789 389 resecatur,
810 362 881 382 mox
902 352 1066 394 respiratio
1083 350 1238 381 difficilior
1253 351 1304 390 fit,
1326 350 1458 394 haecque
1474 351 1610 382 halitum

275 404 414 435 ducendi
438 404 606 435 difficultas
626 405 748 446 aliquot
773 404 864 434 horas
890 410 959 445 post
986 403 1202 446 operationem
1225 403 1394 446 perdurat3
1421 403 1475 435 sed
1502 410 1610 436 tamen

275 458 458 500 quindecim
482 464 537 488 aut
552 458 666 499 xiginti
684 457 769 487 horis
785 456 914 498 elapsis,
935 457 1006 487 vitae
1023 457 1231 499 phaenomena
1249 457 1339 488 solito
1354 469 1411 489 suo
1428 458 1520 489 modo
1536 469 1612 500 per-

275 513 430 543 ficiuntur
446 517 477 542 et
493 511 659 541 existentia
680 511 903 541 continuatur:
922 515 953 540 at
969 520 1043 541 vero
1060 512 1085 541 si
1100 509 1166 541 bini
1187 511 1283 542 simul
1300 522 1338 542 ex
1355 517 1493 554 utroque
1513 511 1612 543 latere

275 567 364 597 nervi
382 565 670 608 pneumo-gastrici
685 564 931 603 abscinduntur,
950 565 1113 606 respiratio
1129 564 1325 596 acceleratur
1340 576 1436 607 quam
1456 566 1612 604 maxime,

273 630 397 661 semper
419 619 518 661 magis
541 619 705 661 magisque
726 618 893 649 difficultas
916 624 1068 661 augetur,
1092 619 1209 658 donec,
1234 625 1372 662 quatuor
1392 626 1448 651 aut
1468 621 1613 662 quinque

274 673 385 704 diebus
405 673 617 715 consumptis,
640 679 750 715 pereat
770 673 888 704 animal
908 673 1003 704 simili
1025 673 1326 715 experimentationi
1342 673 1544 705 submissum.

318 727 474 766 Quamvis
496 727 610 758 Bichat
627 728 768 770 proferat
787 728 884 759 vitam
911 727 1103 770 perdurare,
1134 733 1254 758 resecto
1277 727 1376 758 altero
1402 739 1494 770 pare,
1516 727 1614 759 durn—

275 781 368 812 modo
390 781 527 812 alterum
548 781 712 822 integrum
739 787 883 821 maneat,
910 787 1016 812 tamen
1038 781 1091 812 vix
1112 780 1242 811 credere
1263 791 1431 823 possumus
1451 780 1513 812 tale
1535 780 1614 823 quid

274 846 362 878 posse
387 835 426 866 de
450 846 549 866 nervo
574 835 871 877 pneumo-gastrico
897 834 976 874 dici,
1003 840 1099 877 egent
1122 835 1207 865 enim
1232 846 1348 877 organa
1374 834 1497 865 duobus
1518 834 1614 866 simul

274 889 402 932 paribus
429 895 467 920 ut
494 890 651 920 actionem
676 901 766 920 suam
789 894 959 931 peragant3
986 894 1139 931 praeterea
1163 887 1330 930 Magendie
1351 888 1397 930 (1)
1422 887 1510 919 aliud
1536 887 1614 930 quid

277 943 472 983 observavit,
495 943 580 986 quod
600 943 801 986 aliquomodo
817 943 898 974 illud
914 943 1045 974 effatum
1063 943 1226 973 infirmare
1242 941 1341 972 valet:
1360 942 1483 984 profert
1498 953 1614 984 nempe

277 997 526 1028 destructionem
538 995 826 1038 pneumo-gastrici
836 1019 843 1033 ,
856 997 1071 1038 gravissimam
1083 1002 1114 1027 et
1125 996 1326 1039 repentinam
1343 1001 1476 1027 mortem
1493 995 1617 1038 produ—

276 1060 347 1081 cere
368 1061 439 1092 quae
463 1049 564 1089 valet,
590 1049 824 1092 phaenomenon
850 1056 995 1080 constans
1020 1056 1088 1092 post
1109 1062 1141 1081 se
1165 1050 1307 1081 trahere:
1336 1050 1476 1093 glottidis
1496 1050 1617 1081 scilicet

276 1103 435 1145 margines
453 1102 531 1133 adeo
547 1102 606 1133 sub
622 1102 676 1132 tali
692 1102 819 1133 laesione
837 1103 962 1134 fortiter
973 1104 1011 1135 ad
1024 1115 1056 1135 se
1071 1105 1210 1137 invicem
1223 1105 1440 1148 applicantur,
1456 1111 1493 1136 ut
1507 1104 1618 1136 nullus

279 1157 417 1199 amplius
441 1156 635 1187 concedatur
667 1156 732 1186 ae'ri
758 1156 791 1186 in
816 1155 981 1198 laryngem
1014 1156 1135 1195 aditus,
1168 1163 1200 1188 et
1227 1164 1265 1189 ut
1289 1170 1362 1188 mox
1394 1158 1616 1201 asphycticum

278 1216 388 1252 pereat
417 1209 536 1239 animal
563 1210 607 1238 sic
636 1209 832 1239 sauciatum:
864 1208 932 1239 haec
958 1214 1033 1239 sunt
1059 1210 1221 1252 praecipua
1246 1212 1473 1252 phaenomena,
1501 1211 1619 1254 quibus

278 1263 337 1294 sub
358 1261 543 1306 hujusmodi
565 1261 700 1293 vulnere
719 1273 836 1304 organa
856 1262 1056 1304 respiratoria
1079 1262 1274 1294 afficiuntur.
1300 1264 1459 1296 Octavum
1479 1277 1536 1307 par
1554 1276 1619 1296 non

279 1316 405 1348 eosdem
428 1315 555 1348 videtur
576 1315 709 1347 effeetus
730 1316 764 1346 in
784 1315 878 1347 corde
900 1316 1095 1359 producere:
1116 1316 1231 1348 Bichat
1246 1318 1331 1348 enim
1350 1317 1472 1360 profert
1487 1318 1534 1360 (2)
1553 1329 1620 1350 sese

281 1382 319 1402 ex
344 1372 408 1401 suis
433 1370 662 1413 experimentis
687 1371 855 1401 certiorem
880 1370 1003 1402 factum
1025 1370 1140 1411 fuisse,
1164 1382 1272 1413 neque
1297 1371 1532 1404 vellicationem
1556 1371 1622 1403 hu—

282 1425 369 1469 jusce
389 1425 480 1456 nervi
500 1424 693 1467 pulsationes
711 1424 812 1455 cordis
829 1423 1023 1463 accelerare,
1045 1430 1077 1455 et
1098 1436 1139 1456 ne
1157 1424 1243 1455 illius
1262 1424 1393 1467 quidem
1412 1425 1621 1456 resectionem

281 1479 424 1521 eiusdem
447 1484 552 1509 motus
572 1479 826 1520 interrumpere3
850 1484 990 1523 attamen
1012 1489 1052 1509 ex
1074 1479 1303 1521 experimentis
1324 1479 1342 1510 a
1364 1480 1408 1510 Le
1432 1479 1551 1510 Gallois
1574 1479 1622 1522 (3)

283 1532 388 1563 relatis
410 1538 557 1575 apparet,
580 1531 682 1563 cordis
704 1532 860 1562 actionem
883 1532 1013 1563 omnino
1034 1531 1216 1574 dependere
1237 1533 1255 1563 a
1270 1534 1376 1566 nervis
1397 1534 1509 1576 quiex
1524 1545 1622 1566 ence-

284 1586 378 1629 phalo
412 1592 602 1629 emergunt,
639 1596 807 1628 quumque
836 1584 921 1616 solus
950 1585 1268 1628 pneumo-gastricus
1298 1587 1623 1618 communicationem

283 1641 370 1671 sistat
399 1639 597 1682 encephalon
626 1640 710 1670 inter
736 1645 767 1670 et
792 1645 940 1671 centrum
967 1639 1197 1679 circulationis,
1229 1640 1359 1671 omnino
1388 1639 1551 1682 probabile
1576 1647 1623 1672 est

286 1694 374 1725 hunc
396 1694 490 1724 etiam
512 1692 571 1724 sub
594 1704 649 1724 sua
672 1692 792 1724 ditione
813 1704 866 1724 cor
887 1698 1013 1732 tenere,
1039 1698 1071 1724 et
1090 1693 1114 1723 si
1133 1692 1277 1732 laeditur,
1300 1693 1396 1725 etiam
1418 1694 1506 1725 cordi
1519 1705 1622 1737 ¹suum

285 1747 439 1778 damnum
463 1747 712 1777 communicare.
747 1746 878 1777 Certum
904 1747 1020 1789 igitur,
1046 1746 1205 1789 quidquid
1233 1747 1293 1778 hac
1319 1747 1358 1778 de
1384 1758 1418 1778 re
1444 1748 1499 1788 sit,
1526 1754 1622 1792 atque

285 1800 460 1831 stabilitum
490 1800 635 1839 videtur,
668 1802 875 1831 resectionem
910 1801 1001 1832 nervi
1036 1802 1106 1844 vagi
1137 1801 1254 1833 multas
1290 1800 1330 1832 ob
1358 1812 1466 1832 causas
1495 1801 1623 1835 lethum

286 1865 457 1898 provocare
478 1860 511 1885 et
530 1853 714 1898 hujusmodi
736 1854 870 1886 vulnera
891 1853 1033 1886 absolute
1054 1855 1193 1886 exitialia
1218 1861 1250 1886 et
1270 1855 1436 1886 mortifera
1456 1867 1533 1887 esse.

347 1965 379 1993 (ι)
398 1964 516 1987 Videatur
530 1965 671 1991 annotatio,
681 1973 734 1996 quae
751 1965 856 1996 inopere
865 1966 877 1988 ἐι
889 1965 975 1989 Bichat
991 1966 1020 1989 de
1030 1965 1080 1990 viia
1092 1970 1115 1989 et
1126 1971 1202 1990 morte
1211 1966 1360 1997 conscripto,
1371 1974 1426 1998 pag.
1437 1966 1480 1989 462
1490 1965 1623 1991 invenitur.

349 2006 381 2033 (2)
400 2005 426 2026 L.
445 2005 475 2032 1.‚
496 2005 616 2034 pag.1483,

349 2047 355 2074 t
374 2046 380 2074 J
400 2044 420 2067 V

425 2044 517 2067 {deutur
532 2045 697 2075 paragraphus
716 2045 744 2068 de
760 2045 866 2069 medulla
887 2046 976 2077 spinali
996 2046 1103 2078 loquens.
