1747 2620
887 267 903 310 (
928 267 970 300 36
994 268 1009 309 )

275 352 461 390 protractae,
491 357 552 388 qua
576 356 638 376 una
667 343 844 385 eademque
866 346 979 373 natura
1002 340 1123 372 ratione
1146 340 1278 384 praedita
1299 340 1358 373 sibi
1378 341 1428 373 sui
1448 341 1546 386 ipsius
1571 343 1611 375 sit

274 401 413 440 conscia,
443 399 529 442 quod
560 410 615 429 nos
644 397 841 440 appellamus
866 397 964 428 animi
990 395 1274 428 immortalitatem.
1303 396 1416 440 Itaque
1445 408 1547 440 quum
1571 397 1611 430 ad

273 465 436 486 summum
455 453 592 491 bonum,
611 452 670 482 nisi
689 451 787 493 posita
804 450 984 480 animorum
1001 450 1256 490 immortalitate,
1277 451 1439 494 perveniri
1456 457 1610 495 nequeat3

272 509 358 548 haec,
388 508 508 550 quippe
535 517 606 548 quae
626 516 643 535 a
668 504 739 547 lege
765 503 876 534 morali
908 515 973 535 non
1001 505 1041 535 sit
1070 505 1302 549 disjungenda,
1341 505 1539 549 postulatum
1563 512 1611 538 est

272 563 420 606 practicae
441 560 570 592 rationis
587 559 646 601 (1).

317 615 387 646 Alio
407 625 505 657 prope
524 613 616 644 modo
637 612 773 644 Kantius
793 610 926 655 ejusque
942 616 1111 642 sectatores
1129 618 1358 654 argumentum
1380 613 1514 644 minime
1533 624 1612 644 con—-

272 669 482 701 temnendum
520 680 577 711 pro
612 667 793 698 animorum
825 665 1063 697 immortalitate
1094 666 1301 709 protulerunt
1332 667 1419 710 quod
1446 667 1512 698 huc
1542 667 1611 698 fere

271 724 364 756 redit.
395 722 565 765 Quidquid
590 733 627 752 ex
651 732 726 753 vero
748 719 887 763 quodam
911 721 1070 763 principio
1092 721 1255 764 sequitur⁷
1284 732 1397 754 verum
1419 722 1459 752 sit
1483 732 1611 753 necesse

271 785 318 810 est
339 789 429 821 aeque
451 784 546 820 atque
562 777 667 819 ipsum
684 775 764 807 illud
785 775 980 818 principium
993 798 1001 814 ,
1018 775 1060 805 ita
1082 780 1119 806 ut
1141 774 1278 806 alterum
1300 776 1367 806 sine
1389 774 1488 807 altero
1503 775 1612 807 locum

271 832 389 863 habere
412 837 561 874 nequeat.
596 830 785 861 Animorum
811 835 918 860 autem
944 829 1166 860 immortalitas
1191 840 1231 860 ex
1262 829 1392 869 officiis,
1424 841 1497 873 quae
1521 830 1611 861 nobis

270 886 465 917 incumbunt
486 891 549 915 tam
571 884 746 915 necessarie
770 884 961 926 requiritur,
988 890 1026 915 ut
1044 884 1100 925 qui
1118 883 1185 915 liaec
1208 884 1341 926 exsequi
1361 883 1451 923 velit,
1472 883 1560 915 illam
1578 885 1611 915 in

271 940 406 971 dubium
435 950 547 971 vocare
576 950 640 969 non
665 938 771 981 possit.
804 938 977 969 Enimvero
1002 937 1162 980 quidquid
1192 944 1277 968 recta
1306 939 1385 969 ratio
1412 937 1501 969 nobis
1525 949 1612 981 prae-

268 994 397 1033 scribit,
429 1005 540 1026 verum
568 998 631 1033 est,
657 1003 693 1023 ea
720 1002 791 1035 quae
818 991 871 1022 illa
894 1002 951 1022 nos
977 990 1068 1034 jubet
1094 990 1146 1023 vel
1172 991 1320 1033 praecipit
1348 1002 1528 1033 numquam
1553 991 1613 1022 sibi

270 1048 409 1081 invicem
433 1052 636 1090 repugnant,
668 1045 721 1077 sed
749 1046 833 1076 inter
861 1056 894 1076 se
919 1045 1096 1076 concinunt
1123 1051 1155 1076 et
1179 1045 1362 1087 conspirant
1388 1044 1500 1075 amice.
1539 1044 1612 1076 Jam

269 1102 349 1133 ratio
373 1101 463 1132 nobis
484 1099 675 1143 praescribit,
699 1110 756 1142 pro
777 1099 878 1130 salute
903 1099 1013 1141 patriae
1037 1098 1143 1129 omnia
1164 1097 1306 1141 pericula
1329 1108 1395 1128 esse
1421 1097 1611 1137 subeunda,

269 1161 302 1187 et
328 1154 379 1187 vel
406 1155 523 1193 vitam,
551 1154 575 1184 si
602 1164 682 1196 opus
703 1153 763 1191 sit,
788 1153 997 1184 offerendam.
1031 1152 1155 1191 Quodsi
1181 1163 1256 1184 vero
1282 1151 1379 1183 simul
1407 1163 1481 1183 cum
1509 1159 1613 1184 morte

271 1210 410 1253 corporis
425 1209 509 1252 perit
530 1208 673 1246 animus,
692 1208 772 1238 ratio
789 1207 848 1238 nisi
867 1207 1024 1238 contraria
1042 1213 1074 1238 et
1090 1207 1303 1249 repugnantia
1324 1207 1498 1249 praecipere
1517 1206 1610 1247 velit,

269 1263 425 1307 ejusmodi
447 1262 546 1294 officia
568 1273 584 1292 a
600 1260 691 1291 nobis
709 1263 838 1303 exigere
859 1258 984 1302 nequit.
1012 1259 1102 1297 Quin
1121 1260 1228 1302 potius
1250 1258 1362 1302 jubere
1383 1271 1439 1290 nos
1462 1259 1610 1300 deberet,

272 1318 421 1350 omnibus
443 1316 585 1348 laborare
604 1314 756 1346 lateribus
770 1339 778 1354 ,
809 1320 847 1346 ut
867 1313 1159 1357 quomodocunque
1189 1319 1378 1356 praesentem
1402 1314 1498 1344 vitam
1518 1320 1613 1346 tuea-

268 1383 343 1403 mur
364 1378 396 1402 et
417 1381 652 1402 conservemus,
683 1369 794 1412 Itaque
815 1375 853 1400 ut
872 1368 932 1398 hac
946 1368 981 1398 in
1003 1378 1038 1398 re
1058 1367 1190 1398 omnino
1209 1366 1364 1398 tollantur
1380 1368 1611 1409 repugnantia,

269 1426 444 1457 necessario
470 1424 693 1466 consequitur,
721 1423 841 1453 animos
868 1427 938 1464 post
966 1426 1102 1452 mortem
1131 1431 1309 1452 remanere.
1347 1420 1504 1450 Praeterea
1531 1420 1611 1451 ratio

271 1485 403 1509 conatus
429 1484 550 1508 nostros
574 1483 606 1508 et
632 1476 848 1515 desiderium,
875 1486 938 1518 qua
963 1474 1002 1505 ad
1024 1474 1212 1506 felicitatem
1237 1474 1373 1505 nitimur
1399 1474 1554 1516 approbat
1579 1480 1612 1506 et

269 1532 321 1565 vel
342 1532 498 1575 praecipit.
520 1532 562 1562 At
584 1542 676 1570 vero,
696 1542 769 1562 cum
790 1530 829 1561 ad
847 1528 1104 1572 consequendam
1122 1529 1274 1561 virtutem
1293 1534 1390 1571 atque
1407 1528 1609 1569 felicitatem,

271 1586 462 1629 gravissimae
482 1595 565 1628 szrpe
588 1584 764 1616 subeundae
785 1585 848 1615 sint
869 1583 1086 1623 difficultates,
1112 1584 1241 1614 rationis
1260 1588 1419 1626 praecepta
1441 1583 1610 1615 manifesto

270 1640 423 1672 felicitate
449 1646 545 1682 atque
566 1639 660 1671 saluti
683 1645 797 1670 nostrae
818 1645 1053 1682 repugnarent,
1074 1638 1134 1669 nisi
1155 1643 1334 1669 assumatur
1355 1637 1454 1668 animi
1475 1637 1610 1669 immor-

272 1694 385 1726 tantas.
417 1693 538 1732 Quodsi
556 1693 655 1735 igitur
677 1704 732 1723 nos
754 1693 850 1724 vitam
871 1693 1002 1724 alteram
1026 1692 1176 1736 praesenti
1195 1691 1256 1722 hac
1277 1691 1453 1722 feliciorem
1476 1701 1610 1734 exspec-

271 1754 394 1787 temus,
422 1757 471 1777 res
498 1745 654 1789 explicata
684 1752 749 1785 est,
781 1747 901 1790 quippe
932 1747 1070 1778 hominis
1102 1752 1246 1785 naturae,
1277 1756 1348 1788 quoe
1374 1744 1608 1787 persectionem

272 1809 385 1844 capere
407 1806 525 1843 potest,
550 1800 655 1831 liaecce
679 1799 755 1831 fides
776 1801 894 1832 mirum
918 1801 951 1832 in
974 1800 1105 1832 modum
1127 1800 1296 1832 conveniat
1321 1798 1380 1840 (2).

332 1915 376 1944 (1)
394 1914 454 1937 Vid.
480 1913 564 1937 Kritik
587 1914 628 1936 der
646 1914 799 1944 practischeu
823 1913 940 1938 vernunst
961 1922 1007 1936 von
1027 1913 1164 1937 Immanuel
1183 1913 1263 1942 Ram,
1286 1912 1327 1935 ed.
1354 1912 1388 1936 V.
1413 1912 1515 1942 Lipsiae,
1538 1912 1608 1941 1818,

270 1956 316 1979 lib.
337 1957 372 1978 11.
391 1963 446 1985 cap.
467 1962 490 1976 2.
514 1962 570 1985 pag.
591 1956 633 1977 213
649 1962 687 1985 sq.
705 1955 801 1977 collatis
819 1962 876 1985 pag.
899 1962 939 1984 ¹92
960 1962 998 1985 sq.

332 1996 375 2024 (a)
390 1995 430 2018 Cf.
449 1995 529 2022 Ram,
548 1995 617 2025 relig.
639 1995 768 2018 innerhalb
782 1995 823 2018 der
841 2002 943 2027 greuzeu
960 1995 1001 2018 der
1015 1995 1107 2017 blossen
1120 1994 1237 2017 vernunst
1251 1993 1308 2016 seire
1327 2001 1384 2023 ¹9¹³
1405 1993 1436 2016 L.
1458 1992 1493 2016 H.
1512 1991 1607 2018 Jacobi,

271 2036 358 2059 heweis
376 2035 416 2058 fiir
437 2035 476 2057 die
498 2035 701 2057 uusterblichkeit
715 2035 756 2057 der
768 2034 828 2057 seele
844 2042 886 2057 aus
901 2035 953 2057 dem
972 2035 1069 2065 begriffe
1086 2035 1127 2058 der
1145 2034 1242 2065 pssicht5
1263 2033 1436 2058 Heidenreichs
1454 2032 1609 2056 bearat-luun-

270 2084 314 2107 geu
335 2076 391 2098 iiber
408 2075 446 2098 die
464 2075 618 2105 philosophie
636 2074 676 2097 der
692 2079 746 2097 nat.
767 2075 830 2106 rel.,
853 2077 877 2099 11
896 2076 951 2106 th.,
972 2075 1026 2099 alii.
