<?xml version="1.0" encoding="UTF-8"?>
<!DOCTYPE html PUBLIC "-//W3C//DTD XHTML 1.0 Transitional//EN"
    "http://www.w3.org/TR/xhtml1/DTD/xhtml1-transitional.dtd">
<html xmlns="http://www.w3.org/1999/xhtml" xml:lang="en" lang="en">
 <head>
  <title>
</title>
<meta http-equiv="Content-Type" content="text/html;charset=utf-8" />
  <meta name='ocr-system' content='tesseract 3.04.00' />
  <meta name='ocr-capabilities' content='ocr_page ocr_carea ocr_par ocr_line ocrx_word'/>
</head>
<body>
  <div class='ocr_page' id='page_1' title='image "annalesacademiae00acad_0188.png"; bbox 0 0 1747 2620; ppageno 0'>
   <div class='ocr_carea' id='block_1_1' title="bbox 905 263 1017 308">
    <p class='ocr_par' dir='ltr' id='par_1_1' title="bbox 905 263 1017 308">
     <span class='ocr_line' id='line_1_1' title="bbox 905 263 1017 308; baseline -0.009 -1"><span class='ocrx_word' id='word_1_1' title='bbox 905 263 1017 308; x_wconf 72' lang='grc'>(64)</span> 
     </span>
    </p>
   </div>
   <div class='ocr_carea' id='block_1_2' title="bbox 335 337 1529 379">
    <p class='ocr_par' dir='ltr' id='par_1_2' title="bbox 335 337 1529 379">
     <span class='ocr_line' id='line_1_2' title="bbox 335 337 1529 379; baseline -0.002 -9"><span class='ocrx_word' id='word_1_2' title='bbox 335 341 418 370; x_wconf 73' lang='lat' dir='ltr'>PARS</span> <span class='ocrx_word' id='word_1_3' title='bbox 440 348 633 369; x_wconf 81' lang='lat' dir='ltr'>POSTERIOR.</span> <span class='ocrx_word' id='word_1_4' title='bbox 664 339 697 368; x_wconf 89' lang='lat' dir='ltr'><strong>In</strong></span> <span class='ocrx_word' id='word_1_5' title='bbox 724 349 780 379; x_wconf 87' lang='lat' dir='ltr'><strong>qua</strong></span> <span class='ocrx_word' id='word_1_6' title='bbox 797 337 874 367; x_wconf 82' lang='lat' dir='ltr'><strong>varia</strong></span> <span class='ocrx_word' id='word_1_7' title='bbox 896 338 1139 379; x_wconf 82' lang='lat' dir='ltr'><strong>philosophorum</strong></span> <span class='ocrx_word' id='word_1_8' title='bbox 1162 345 1347 376; x_wconf 80' lang='lat' dir='ltr'>argumenta,</span> <span class='ocrx_word' id='word_1_9' title='bbox 1369 349 1422 379; x_wconf 84' lang='lat' dir='ltr'><strong>pro</strong></span> <span class='ocrx_word' id='word_1_10' title='bbox 1442 339 1529 368; x_wconf 82' lang='lat' dir='ltr'><strong>animi</strong></span> 
     </span>
    </p>
   </div>
   <div class='ocr_carea' id='block_1_3' title="bbox 393 439 540 479">
    <p class='ocr_par' dir='ltr' id='par_1_3' title="bbox 393 439 540 479">
     <span class='ocr_line' id='line_1_3' title="bbox 393 439 540 479; baseline 0 -12"><span class='ocrx_word' id='word_1_11' title='bbox 393 439 489 479; x_wconf 81' lang='lat' dir='ltr'>Caput</span> <span class='ocrx_word' id='word_1_12' title='bbox 518 439 540 467; x_wconf 88' lang='lat'><strong>1.</strong></span> 
     </span>
    </p>
   </div>
   <div class='ocr_carea' id='block_1_4' title="bbox 391 586 544 627">
    <p class='ocr_par' dir='ltr' id='par_1_4' title="bbox 391 586 544 627">
     <span class='ocr_line' id='line_1_4' title="bbox 391 586 544 627; baseline -0.007 -11"><span class='ocrx_word' id='word_1_13' title='bbox 391 586 488 627; x_wconf 86' lang='lat' dir='ltr'>Caput</span> <span class='ocrx_word' id='word_1_14' title='bbox 508 587 544 616; x_wconf 92' lang='grc' dir='ltr'><strong>ΙΙ.</strong></span> 
     </span>
    </p>
   </div>
   <div class='ocr_carea' id='block_1_5' title="bbox 389 784 549 825">
    <p class='ocr_par' dir='ltr' id='par_1_5' title="bbox 389 784 549 825">
     <span class='ocr_line' id='line_1_5' title="bbox 389 784 549 825; baseline -0.006 -11"><span class='ocrx_word' id='word_1_15' title='bbox 389 784 485 825; x_wconf 89' lang='lat' dir='ltr'>Caput</span> <span class='ocrx_word' id='word_1_16' title='bbox 499 784 549 813; x_wconf 89' lang='lat'>111.</span> 
     </span>
    </p>
   </div>
   <div class='ocr_carea' id='block_1_6' title="bbox 571 388 1532 626">
    <p class='ocr_par' dir='ltr' id='par_1_6' title="bbox 571 388 1532 626">
     <span class='ocr_line' id='line_1_6' title="bbox 573 388 1529 427; baseline 0 -10"><span class='ocrx_word' id='word_1_17' title='bbox 573 388 785 418; x_wconf 80' lang='lat' dir='ltr'>immortalitate</span> <span class='ocrx_word' id='word_1_18' title='bbox 804 388 904 424; x_wconf 82' lang='lat' dir='ltr'>allata,</span> <span class='ocrx_word' id='word_1_19' title='bbox 923 389 1123 416; x_wconf 82' lang='lat' dir='ltr'><strong>examinantur</strong></span> <span class='ocrx_word' id='word_1_20' title='bbox 1139 395 1166 416; x_wconf 91' lang='lat' dir='ltr'><strong>et</strong></span> <span class='ocrx_word' id='word_1_21' title='bbox 1183 388 1390 427; x_wconf 77' lang='lat' dir='ltr'>dijudicantur.</span> <span class='ocrx_word' id='word_1_22' title='bbox 1420 409 1427 417; x_wconf 91' lang='lat'><strong>.</strong></span> <span class='ocrx_word' id='word_1_23' title='bbox 1471 409 1478 417; x_wconf 88' lang='lat'><strong>.</strong></span> <span class='ocrx_word' id='word_1_24' title='bbox 1522 410 1529 417; x_wconf 96' lang='lat'>.</span> 
     </span>
     <span class='ocr_line' id='line_1_7' title="bbox 571 437 1530 477; baseline 0.001 -11"><span class='ocrx_word' id='word_1_25' title='bbox 571 439 602 466; x_wconf 88' lang='lat' dir='ltr'><strong>In</strong></span> <span class='ocrx_word' id='word_1_26' title='bbox 618 449 677 477; x_wconf 89' lang='lat' dir='ltr'><strong>quo</strong></span> <span class='ocrx_word' id='word_1_27' title='bbox 687 438 846 477; x_wconf 81' lang='lat' dir='ltr'>inquiritur</span> <span class='ocrx_word' id='word_1_28' title='bbox 860 438 889 466; x_wconf 87' lang='lat' dir='ltr'><strong>in</strong></span> <span class='ocrx_word' id='word_1_29' title='bbox 904 438 1065 475; x_wconf 82' lang='lat' dir='ltr'><strong>argumenti</strong></span> <span class='ocrx_word' id='word_1_30' title='bbox 1080 437 1209 466; x_wconf 82' lang='lat' dir='ltr'><strong>historici</strong></span> <span class='ocrx_word' id='word_1_31' title='bbox 1219 438 1276 466; x_wconf 86' lang='lat' dir='ltr'><strong>vim</strong></span> <span class='ocrx_word' id='word_1_32' title='bbox 1286 445 1313 467; x_wconf 90' lang='lat' dir='ltr'><strong>et</strong></span> <span class='ocrx_word' id='word_1_33' title='bbox 1324 437 1530 468; x_wconf 85' lang='lat' dir='ltr'><strong>efficacitatem.</strong></span> 
     </span>
     <span class='ocr_line' id='line_1_8' title="bbox 571 485 1529 526; baseline 0.001 -11"><span class='ocrx_word' id='word_1_34' title='bbox 571 488 590 524; x_wconf 55' lang='grc' dir='ltr'><em>ς</em></span> <span class='ocrx_word' id='word_1_35' title='bbox 614 488 637 515; x_wconf 90' lang='grc' dir='ltr'><strong>Ι.</strong></span> <span class='ocrx_word' id='word_1_36' title='bbox 667 487 710 515; x_wconf 86' lang='lat' dir='ltr'><strong>De</strong></span> <span class='ocrx_word' id='word_1_37' title='bbox 731 485 950 515; x_wconf 78' lang='lat' dir='ltr'><strong>difficultatibus</strong></span> <span class='ocrx_word' id='word_1_38' title='bbox 972 487 1079 526; x_wconf 85' lang='lat' dir='ltr'><strong>quibus</strong></span> <span class='ocrx_word' id='word_1_39' title='bbox 1103 487 1159 516; x_wconf 90' lang='lat' dir='ltr'><strong>hoc</strong></span> <span class='ocrx_word' id='word_1_40' title='bbox 1183 494 1384 525; x_wconf 79' lang='lat' dir='ltr'><strong>argumentum</strong></span> <span class='ocrx_word' id='word_1_41' title='bbox 1409 487 1529 517; x_wconf 82' lang='lat' dir='ltr'>laborat.</span> 
     </span>
     <span class='ocr_line' id='line_1_9' title="bbox 571 530 1529 575; baseline 0.001 -11"><span class='ocrx_word' id='word_1_42' title='bbox 571 536 588 573; x_wconf 59' lang='grc' dir='ltr'><strong>ἕ</strong></span> <span class='ocrx_word' id='word_1_43' title='bbox 609 536 645 564; x_wconf 88' lang='lat'><strong>11.</strong></span> <span class='ocrx_word' id='word_1_44' title='bbox 667 536 838 573; x_wconf 82' lang='lat' dir='ltr'><strong>Argumenti</strong></span> <span class='ocrx_word' id='word_1_45' title='bbox 854 534 933 564; x_wconf 85' lang='lat' dir='ltr'>valor</span> <span class='ocrx_word' id='word_1_46' title='bbox 948 542 975 564; x_wconf 85' lang='lat' dir='ltr'><strong>et</strong></span> <span class='ocrx_word' id='word_1_47' title='bbox 992 536 1109 575; x_wconf 83' lang='lat' dir='ltr'><strong>pondus</strong></span> <span class='ocrx_word' id='word_1_48' title='bbox 1112 557 1375 565; x_wconf 91' lang='grc'><strong>......</strong></span> <span class='ocrx_word' id='word_1_49' title='bbox 1389 530 1394 534; x_wconf 43' lang='lat'><strong>⁴</strong></span> <span class='ocrx_word' id='word_1_50' title='bbox 1419 557 1426 564; x_wconf 92' lang='lat'><strong>.</strong></span> <span class='ocrx_word' id='word_1_51' title='bbox 1470 557 1477 565; x_wconf 88' lang='lat'><strong>.</strong></span> <span class='ocrx_word' id='word_1_52' title='bbox 1521 557 1529 565; x_wconf 90' lang='lat'><strong>.</strong></span> 
     </span>
     <span class='ocr_line' id='line_1_10' title="bbox 571 585 1532 626; baseline -0.001 -11"><span class='ocrx_word' id='word_1_53' title='bbox 571 587 750 626; x_wconf 79' lang='lat' dir='ltr'>Disceptatio</span> <span class='ocrx_word' id='word_1_54' title='bbox 779 593 1015 625; x_wconf 82' lang='lat' dir='ltr'>argumentorum</span> <span class='ocrx_word' id='word_1_55' title='bbox 1046 595 1110 625; x_wconf 80' lang='lat' dir='ltr'><strong>quae</strong></span> <span class='ocrx_word' id='word_1_56' title='bbox 1139 585 1278 614; x_wconf 86' lang='lat' dir='ltr'><strong>dicuntur</strong></span> <span class='ocrx_word' id='word_1_57' title='bbox 1311 585 1532 625; x_wconf 85' lang='lat' dir='ltr'><strong>philosophico-</strong></span> 
     </span>
    </p>
   </div>
   <div class='ocr_carea' id='block_1_7' title="bbox 569 636 1530 1021">
    <p class='ocr_par' dir='ltr' id='par_1_7' title="bbox 569 636 1530 970">
     <span class='ocr_line' id='line_1_11' title="bbox 571 636 1528 665; baseline -0.002 -1"><span class='ocrx_word' id='word_1_58' title='bbox 571 636 740 665; x_wconf 82' lang='lat' dir='ltr'><strong>theoretica.</strong></span> <span class='ocrx_word' id='word_1_59' title='bbox 803 655 1528 665; x_wconf 89' lang='grc'><strong>...............</strong></span> 
     </span>
     <span class='ocr_line' id='line_1_12' title="bbox 570 683 1530 724; baseline 0 -11"><span class='ocrx_word' id='word_1_60' title='bbox 570 686 587 722; x_wconf 81' lang='lat'><em>§</em></span> <span class='ocrx_word' id='word_1_61' title='bbox 613 686 636 714; x_wconf 94' lang='grc' dir='ltr'><strong>Ι.</strong></span> <span class='ocrx_word' id='word_1_62' title='bbox 668 685 873 724; x_wconf 83' lang='lat' dir='ltr'><strong>Dijudicantur</strong></span> <span class='ocrx_word' id='word_1_63' title='bbox 893 690 1060 722; x_wconf 78' lang='lat' dir='ltr'>argumenta</span> <span class='ocrx_word' id='word_1_64' title='bbox 1078 694 1111 712; x_wconf 77' lang='lat' dir='ltr'><strong>ex</strong></span> <span class='ocrx_word' id='word_1_65' title='bbox 1128 684 1187 723; x_wconf 84' lang='lat' dir='ltr'><strong>ipsa</strong></span> <span class='ocrx_word' id='word_1_66' title='bbox 1206 683 1293 712; x_wconf 85' lang='lat' dir='ltr'><strong>animi</strong></span> <span class='ocrx_word' id='word_1_67' title='bbox 1309 690 1411 712; x_wconf 82' lang='lat' dir='ltr'><strong>natura</strong></span> <span class='ocrx_word' id='word_1_68' title='bbox 1427 691 1530 713; x_wconf 83' lang='lat' dir='ltr'>sumta.</span> 
     </span>
     <span class='ocr_line' id='line_1_13' title="bbox 571 732 1528 772; baseline -0.002 -9"><span class='ocrx_word' id='word_1_69' title='bbox 571 735 588 771; x_wconf 78' lang='lat'>§</span> <span class='ocrx_word' id='word_1_70' title='bbox 609 735 645 763; x_wconf 90' lang='lat'><strong>11.</strong></span> <span class='ocrx_word' id='word_1_71' title='bbox 668 733 837 763; x_wconf 84' lang='lat' dir='ltr'>Ceterorum</span> <span class='ocrx_word' id='word_1_72' title='bbox 854 741 1089 772; x_wconf 78' lang='lat' dir='ltr'><strong>argumentorum</strong></span> <span class='ocrx_word' id='word_1_73' title='bbox 1107 733 1149 761; x_wconf 82' lang='lat' dir='ltr'><strong>vis</strong></span> <span class='ocrx_word' id='word_1_74' title='bbox 1168 740 1194 761; x_wconf 79' lang='lat' dir='ltr'><strong>et</strong></span> <span class='ocrx_word' id='word_1_75' title='bbox 1212 732 1375 761; x_wconf 80' lang='lat' dir='ltr'><strong>efficacitas.</strong></span> <span class='ocrx_word' id='word_1_76' title='bbox 1418 754 1426 762; x_wconf 85' lang='lat'><strong><em>.</em></strong></span> <span class='ocrx_word' id='word_1_77' title='bbox 1470 754 1477 761; x_wconf 91' lang='lat'><em>.</em></span> <span class='ocrx_word' id='word_1_78' title='bbox 1521 754 1528 761; x_wconf 94' lang='lat'>.</span> 
     </span>
     <span class='ocr_line' id='line_1_14' title="bbox 570 782 1529 823; baseline -0.001 -11"><span class='ocrx_word' id='word_1_79' title='bbox 570 785 603 812; x_wconf 92' lang='lat' dir='ltr'><strong>In</strong></span> <span class='ocrx_word' id='word_1_80' title='bbox 623 794 680 823; x_wconf 87' lang='lat' dir='ltr'><strong>qua</strong></span> <span class='ocrx_word' id='word_1_81' title='bbox 705 784 863 823; x_wconf 78' lang='lat' dir='ltr'>exponitur</span> <span class='ocrx_word' id='word_1_82' title='bbox 883 790 1118 821; x_wconf 80' lang='lat' dir='ltr'>argumentorum</span> <span class='ocrx_word' id='word_1_83' title='bbox 1135 782 1285 811; x_wconf 80' lang='lat' dir='ltr'><strong>moralium</strong></span> <span class='ocrx_word' id='word_1_84' title='bbox 1306 783 1365 811; x_wconf 86' lang='lat' dir='ltr'><strong>sive</strong></span> <span class='ocrx_word' id='word_1_85' title='bbox 1386 783 1529 823; x_wconf 82' lang='lat' dir='ltr'><strong>practico-</strong></span> 
     </span>
     <span class='ocr_line' id='line_1_15' title="bbox 569 839 1529 861; baseline -0.001 0"><span class='ocrx_word' id='word_1_86' title='bbox 569 843 633 861; x_wconf 86' lang='lat' dir='ltr'><strong>rum</strong></span> <span class='ocrx_word' id='word_1_87' title='bbox 657 843 699 861; x_wconf 72' lang='lat' dir='ltr'><strong>vis</strong></span> <span class='ocrx_word' id='word_1_88' title='bbox 726 840 754 860; x_wconf 90' lang='lat' dir='ltr'><strong>et</strong></span> <span class='ocrx_word' id='word_1_89' title='bbox 776 839 952 861; x_wconf 81' lang='lat' dir='ltr'>momentum</span> <span class='ocrx_word' id='word_1_90' title='bbox 957 852 1529 861; x_wconf 76' lang='lat'><strong>............</strong></span> 
     </span>
     <span class='ocr_line' id='line_1_16' title="bbox 569 881 1529 921; baseline 0.001 -12"><span class='ocrx_word' id='word_1_91' title='bbox 569 883 587 919; x_wconf 53' lang='grc' dir='ltr'><strong>ᾗ</strong></span> <span class='ocrx_word' id='word_1_92' title='bbox 620 882 643 910; x_wconf 92' lang='grc' dir='ltr'><strong>Ι.</strong></span> <span class='ocrx_word' id='word_1_93' title='bbox 679 881 759 918; x_wconf 85' lang='lat' dir='ltr'><strong>Quid</strong></span> <span class='ocrx_word' id='word_1_94' title='bbox 781 881 816 909; x_wconf 83' lang='lat' dir='ltr'><strong>sit</strong></span> <span class='ocrx_word' id='word_1_95' title='bbox 836 882 955 910; x_wconf 75' lang='lat' dir='ltr'><strong>rationis</strong></span> <span class='ocrx_word' id='word_1_96' title='bbox 979 882 1134 909; x_wconf 78' lang='lat' dir='ltr'><strong>auctoritas</strong></span> <span class='ocrx_word' id='word_1_97' title='bbox 1162 888 1190 910; x_wconf 88' lang='lat' dir='ltr'><strong>et</strong></span> <span class='ocrx_word' id='word_1_98' title='bbox 1211 881 1298 919; x_wconf 84' lang='lat' dir='ltr'>fides,</span> <span class='ocrx_word' id='word_1_99' title='bbox 1323 881 1396 921; x_wconf 83' lang='lat' dir='ltr'><strong>quid</strong></span> <span class='ocrx_word' id='word_1_100' title='bbox 1415 881 1529 910; x_wconf 78' lang='lat' dir='ltr'>valeat?</span> 
     </span>
     <span class='ocr_line' id='line_1_17' title="bbox 569 931 1310 970; baseline 0.003 -12"><span class='ocrx_word' id='word_1_101' title='bbox 569 932 587 968; x_wconf 58' lang='grc' dir='ltr'><strong>ς</strong></span> <span class='ocrx_word' id='word_1_102' title='bbox 614 931 651 959; x_wconf 91' lang='grc' dir='ltr'><strong>ΙΙ.</strong></span> <span class='ocrx_word' id='word_1_103' title='bbox 679 931 926 968; x_wconf 83' lang='lat' dir='ltr'>Argumentorum</span> <span class='ocrx_word' id='word_1_104' title='bbox 945 931 1138 970; x_wconf 86' lang='lat' dir='ltr'><strong>practicorum</strong></span> <span class='ocrx_word' id='word_1_105' title='bbox 1159 931 1310 970; x_wconf 85' lang='lat' dir='ltr'><strong>judicium.</strong></span> 
     </span>
    </p>

    <p class='ocr_par' dir='ltr' id='par_1_8' title="bbox 569 978 1527 1021">
     <span class='ocr_line' id='line_1_18' title="bbox 569 978 1527 1021; baseline -0.002 -11"><span class='ocrx_word' id='word_1_106' title='bbox 569 981 586 1018; x_wconf 83' lang='lat'>§</span> <span class='ocrx_word' id='word_1_107' title='bbox 603 981 652 1010; x_wconf 89' lang='lat'>111.</span> <span class='ocrx_word' id='word_1_108' title='bbox 675 981 812 1021; x_wconf 84' lang='lat' dir='ltr'><strong>Epicrisis</strong></span> <span class='ocrx_word' id='word_1_109' title='bbox 833 980 962 1010; x_wconf 77' lang='lat' dir='ltr'><strong>universi</strong></span> <span class='ocrx_word' id='word_1_110' title='bbox 981 980 1071 1020; x_wconf 86' lang='lat' dir='ltr'><strong>hujus</strong></span> <span class='ocrx_word' id='word_1_111' title='bbox 1089 978 1156 1008; x_wconf 88' lang='lat' dir='ltr'><strong>loci.</strong></span> <span class='ocrx_word' id='word_1_112' title='bbox 1213 1000 1527 1008; x_wconf 87' lang='grc'><strong>.......</strong></span> 
     </span>
    </p>
   </div>
   <div class='ocr_carea' id='block_1_8' title="bbox 742 1494 1164 1520">
    <p class='ocr_par' dir='ltr' id='par_1_9' title="bbox 742 1494 1164 1520">
     <span class='ocr_line' id='line_1_19' title="bbox 742 1494 1164 1520; baseline -0.007 -5"><span class='ocrx_word' id='word_1_113' title='bbox 742 1494 1164 1520; x_wconf 38' lang='grc' dir='ltr'><strong>-ξοθοβ-</strong></span> 
     </span>
    </p>
   </div>
  </div>
 </body>
</html>
