1747 2620
868 254 981 295 (10)

269 332 441 362 doctrinam
464 340 564 372 quum
590 328 720 370 plurimi
741 333 773 358 et
794 337 847 357 ore
869 332 901 356 et
922 325 1044 367 scriptis
1065 326 1306 368 profiterentur,
1328 337 1409 358 nova
1429 325 1505 356 inde
1524 331 1591 356 orta

269 392 314 416 est
337 391 418 415 secta
445 384 660 426 politicorum,
688 391 766 423 quos
791 378 1112 411 ,Monarchomaclzos
1135 378 1345 421 appellabant.
1369 379 1455 409 Inter
1477 378 1592 421 praeci-

268 450 347 481 puos
371 437 455 468 illius
477 436 592 466 scholae
614 440 756 465 auctores
776 433 951 475 praesertim
972 431 1156 462 nominandi
1177 438 1252 463 sunt
1271 433 1474 462 Franci-scas
1499 432 1594 462 Hot-

269 498 441 521 tomczmms
458 489 520 530 (1),
539 489 726 529 Stephanus
741 487 864 517 szius
880 485 1083 528 B1·utus(2),
1106 485 1268 528 Georgius
1284 485 1514 515 But-hammus
1526 484 1591 526 (3),

268 545 412 574 joannes
436 543 599 573 Mariana
619 541 680 582 (4),
705 540 822 582 aliique
844 539 962 581 plureS.
988 539 1070 578 Quae
1093 538 1222 581 quidem
1242 539 1397 569 sententia
1415 537 1454 569 de
1472 538 1594 569 mutuis

268 597 493 638 imperantium
515 594 779 635 subditorumque
800 591 990 630 rationibuS‚
1013 603 1030 623 a
1055 592 1144 624 novis
1163 591 1367 634 scriptoribus
1394 597 1513 622 temere
1533 590 1593 621 de·-

268 650 371 687 sensa,
389 648 426 678 ab
446 648 512 678 aliis
528 647 803 679 vehementissime
820 644 1083 688 impugnabatur,
1100 655 1235 686 eamque
1250 644 1413 686 Principes
1429 649 1592 686 tamquam

268 701 348 732 laesas
365 700 533 743 Majestatis
549 711 649 738 ream,
670 699 755 730 ferro
772 704 804 729 et
825 699 899 740 igne
919 703 1114 729 censuerunt
1133 697 1366 739 exstirpandam
1383 707 1459 727 esse.
1480 695 1593 734 Quum

268 765 343 786 vero
370 755 535 795 scriptores
559 752 606 783 illi
629 752 804 782 doctrinam
827 751 1035 789 verissimam,
1062 751 1187 793 imperii
1212 751 1368 793 originem
1391 750 1425 780 in
1450 760 1593 780 conven-

270 808 354 837 tione
377 806 580 848 quaerendam
605 816 686 844 esse,
711 805 792 835 male
816 804 1061 843 intellexissent,
1084 810 1116 834 et
1135 804 1373 846 consequentias
1397 802 1471 833 inde
1490 801 1593 832 falsis-

269 860 361 888 simas
380 858 601 896 deduxissent,
624 858 748 895 evenit,
771 863 825 896 ut,
849 857 934 899 quod
954 862 1163 898 peccaverant
1181 856 1342 895 homines,
1363 856 1422 898 ipsi
1442 855 1593 886 doctriuae

269 911 308 941 de
333 911 464 952 imperio
489 911 697 941 conventione
718 911 751 940 in
777 910 936 951 principes
958 909 1070 940 collato
1092 908 1303 948 tribueretur,
1325 919 1421 950 quam
1439 908 1538 949 igitur
1556 913 1594 938 ut

270 963 451 1004 pestiferam
463 968 494 993 et
504 973 597 992 omne
609 963 778 1003 imperium
791 972 918 1003 prorsus
930 967 1126 993 evertentem
1136 961 1304 992 adversarii
1317 960 1591 1003 reprobarunt(5).

313 1016 422 1057 Itaque
445 1015 499 1057 qui
524 1015 576 1045 illa
602 1021 692 1045 aetate
718 1016 751 1045 in
773 1015 908 1046 civitatis
929 1020 960 1045 et
980 1014 1106 1056 imperii
1125 1015 1272 1044 naturam
1293 1019 1324 1043 et
1346 1012 1595 1043 fundamentum

272 1067 491 1110 inquirebant,
518 1068 595 1098 duas
616 1074 647 1098 et
669 1067 724 1097 sibi
744 1068 888 1109 proxime
913 1068 1068 1109 oppositas
1086 1073 1189 1108 partes
1209 1066 1433 1108 sequebantur.
1459 1065 1521 1096 Alii
1538 1077 1594 1096 su·-

271 1132 390 1164 premae
413 1122 572 1164 potestatis
592 1122 745 1162 originem
769 1132 785 1150 a
807 1120 866 1150 Dei
891 1120 1068 1158 voluntate3
1089 1119 1142 1150 alii
1162 1131 1178 1149 a
1200 1118 1311 1161 populi
1331 1129 1486 1149 consensu
1507 1118 1594 1149 deri-

272 1173 398 1206 vabant.
423 1173 471 1203 Illi
490 1172 718 1215 imperantibus
740 1172 913 1204 absolutam
934 1172 1116 1204 tribuebant
1136 1178 1338 1215 potestatem,
1356 1183 1492 1214 quorum
1508 1170 1594 1203 arbi-

272 1227 332 1257 trio
351 1226 414 1257 solo
434 1227 537 1256 omnia
554 1227 585 1256 in
604 1227 730 1257 civitate
751 1232 956 1268 regerentur3
978 1226 1011 1256 hi
1028 1225 1113 1267 apud
1130 1225 1286 1268 populum
1301 1236 1367 1256 esse
1382 1224 1593 1268 Majestatem,

270 1279 406 1321 principi
428 1290 501 1310 vero
521 1290 585 1309 non
606 1279 665 1308 nisi
686 1279 800 1309 summi
822 1279 948 1321 imperii
972 1279 1164 1309 exercitium
1184 1279 1410 1309 demandatum
1428 1288 1493 1308 esse
1516 1288 1594 1309 cen-

271 1331 397 1362 sebant:
427 1331 472 1362 illi
501 1332 678 1373 principem
705 1331 904 1362 subditorum
930 1332 1018 1371 vitae,
1048 1331 1220 1371 libertatis,
1248 1331 1379 1361 dominii
1407 1341 1594 1373 supremum

271 1384 446 1424 arbitrum3
476 1384 509 1414 hi
540 1383 664 1426 plebem
695 1385 794 1427 ipsius
829 1385 1011 1427 imperantis
1041 1384 1180 1428 judicem
1214 1383 1468 1423 constituebant,
1499 1384 1596 1426 eique

270 1437 484 1468 concedebant
511 1437 688 1468 mandantis
711 1439 744 1468 in
774 1438 1007 1470 mandatarium
1032 1438 1103 1482 jura
1128 1443 1160 1468 et
1187 1442 1384 1480 potestatem.
1414 1436 1595 1479 Utramque

271 1489 446 1521 doctrinam
469 1490 604 1532 publicae
628 1491 721 1521 saluti
746 1502 837 1533 aeque
861 1502 992 1531 nocere,
1017 1492 1087 1534 quis
1108 1497 1169 1531 est,
1193 1492 1249 1533 qui
1270 1501 1335 1521 non
1355 1489 1487 1523 videat?

300 1609 344 1637 (ι)
361 1610 390 1631 111
408 1615 492 1638 opere:
512 1609 703 1632 Franco-Gallia.

300 1647 343 1676 (2)
359 1647 471 1676 (Hubert
486 1648 609 1678 Languet)
623 1648 744 1672 Vindiciae
755 1654 838 1674 contra
857 1655 988 1681 tyrannos7
1005 1651 1054 1674 sive
1070 1651 1098 1673 ‹le
1110 1650 1227 1681 principis
1242 1650 1269 1674 in
1287 1649 1405 1680 populum
1420 1649 1551 1679 populique
1568 1648 1593 1671 in

269 1685 402 1716 principem
424 1686 532 1716 legitima
550 1692 674 1716 potestate.

299 1726 343 1754 (3)
360 1726 395 1748 De
413 1726 464 1754 jure
482 1726 559 1757 Regni
577 1727 641 1756 apud
657 1728 746 1750 scotos.

300 1765 343 1793 (4)
360 1765 394 1787 De
412 1765 475 1795 Rege
493 1770 516 1788 et
534 1766 606 1798 Regis
622 1767 783 1790 institutione.

298 1804 341 1832 (5)
357 1804 406 1832 Sic,
429 1808 484 1827 teste
507 1806 618 1834 Badimo,
637 1806 663 1828 in
682 1807 774 1837 egregio
794 1815 863 1838 opere
882 1809 911 1832 de
927 1809 1048 1839 republica
1069 1810 1135 1839 (tib.
1153 1811 1185 1832 11.
1202 1817 1225 1839 p.
1246 1808 1323 1838 748),
1347 1815 1422 1838 quum
1439 1808 1465 1830 in
1482 1813 1592 1837 supremo

268 1841 396 1865 Parisieusi
406 1843 494 1866 Senatu
509 1844 607 1867 dixisset
619 1853 744 1868 causarum
760 1851 890 1876 patronus,
907 1849 1024 1879 populum
1040 1849 1162 1872 Gallicum
1179 1849 1205 1871 iu
1218 1848 1306 1878 Reges,
1320 1847 1523 1878 quemadmodum
1533 1846 1592 1869 olim

267 1881 385 1911 populum
408 1882 546 1905 Romanum
573 1884 598 1906 in
621 1885 788 1914 Imperatores,
813 1887 960 1910 transtulisse
976 1895 1046 1911 omne
1067 1888 1193 1918 imperium
1209 1892 1232 1909 et
1251 1891 1404 1917 potestatemq
1426 1885 1593 1909 Procuratores

267 1919 339 1950 Regis
357 1920 436 1943 subito
455 1922 553 1944 excitati
577 1930 590 1944 a
611 1922 699 1946 Senatu
720 1925 876 1955 petiverunt,
898 1931 926 1949 ut
952 1926 1014 1950 hanc
1039 1925 1186 1950 seutentiam
1206 1927 1336 1950 declararet
1359 1925 1445 1948 falsam
1466 1930 1491 1948 et
1511 1925 1592 1956 Regiae

268 1958 389 1988 Majestati
407 1960 531 1990 infestam,
554 1962 646 1993 ipsique
662 1964 809 1994 probarunt,
829 1965 917 1988 Galliae
938 1967 1013 1997 Reges
1034 1975 1046 1989 a
1069 1967 1159 1997 populo
1179 1974 1305 1997 uunquam
1325 1966 1438 1996 accepisse
1462 1965 1590 1996 imperium

266 2001 290 2020 et
307 1999 483 2023 auctoritatem.
506 2001 560 2030 Quo
580 2002 645 2025 facto
660 2003 760 2026 Senatus
777 2012 902 2028 causarum
920 2010 1039 2036 patrono,
1060 2007 1189 2037 quominus
1206 2006 1231 2029 in
1247 2011 1368 2036 posterum
1385 2005 1509 2036 pestiferas
1529 2006 1591 2035 ejus·

264 2036 331 2060 modi
345 2038 462 2068 proferret
479 2039 618 2070 opiniones,
641 2042 778 2073 prohibuit,
799 2044 867 2075 eique
887 2044 976 2068 ademit
997 2054 1076 2069 coram
1094 2046 1173 2076 judice
1193 2054 1275 2069 causas
1293 2046 1379 2068 orandi
1397 2049 1548 2076 potestatem.
