1747 2620
907 263 919 306 (
941 263 984 304 24
1007 262 1019 305 )

300 353 373 374 curn
398 340 592 384 principium
613 339 652 370 sit
670 343 702 369 et
721 337 770 369 sui
789 342 821 368 et
836 336 975 379 corporis
991 336 1065 367 vitae
1084 340 1181 377 atque
1196 335 1344 374 actionis,
1368 345 1482 377 corpus
1500 346 1562 366 non
1577 342 1623 366 est

299 395 434 436 ideoque
451 391 646 424 immortalis.
663 391 765 422 Sentit
779 390 864 421 enim
882 390 1007 420 animus
1021 399 1053 419 se
1068 388 1203 427 moveri3
1219 388 1304 430 quod
1320 399 1394 419 cum
1410 388 1521 426 sentit,
1542 387 1621 418 illud

298 459 362 480 uua
382 447 492 485 sentit,
511 456 543 476 se
558 445 590 476 vi
607 455 679 482 sua,
701 454 762 472 non
784 442 886 472 aliena
906 442 1045 472 moveri:
1062 452 1121 472 nec
1136 441 1279 472 accidere
1300 453 1403 484 posse,
1425 447 1463 478 ut
1477 442 1543 484 ipse
1559 453 1622 472 un-

299 512 395 544 quam
416 512 432 530 a
452 510 484 530 se
504 498 680 536 deseratur3
701 507 740 526 ex
763 506 826 537 quo
845 494 980 525 efficitur
1002 495 1158 525 aeternitas
1178 495 1236 535 (1).
1261 494 1334 532 Qua
1355 505 1430 524 vero
1450 504 1624 536 argumen-

298 555 417 584 tatione
437 551 588 593 quoniam
607 549 697 580 Plato
717 548 749 578 id
769 547 894 579 efficere
914 546 1032 585 voluit,
1053 547 1173 577 animos
1193 557 1258 578 esse
1278 547 1501 588 sempitern05‚
1526 546 1557 576 id
1577 552 1622 576 est

297 616 403 648 neque
423 604 552 635 initium
569 601 687 634 habere
708 611 814 642 neque
836 601 949 638 finem,
973 610 1029 629 nos
1048 598 1102 630 hic
1120 599 1202 630 illud
1221 599 1434 630 omittendum
1455 604 1622 641 putamus3

296 659 394 701 idque
413 669 449 689 eo
467 656 584 699 magiS‚
602 654 688 698 quod
708 655 774 696 ipse
790 653 879 684 Plato
898 653 1018 683 animos
1038 657 1217 694 procreatos
1236 662 1302 682 esse
1316 663 1333 682 a
1349 663 1474 683 summo
1489 652 1623 682 numine

295 711 387 749 alibi,
413 711 447 741 in
469 710 607 747 Timaeo,
630 707 792 738 concessit.
820 705 942 736 Verum
967 706 1061 736 etiam
1084 715 1125 735 ex
1147 716 1202 743 eo,
1227 702 1313 746 quod
1332 716 1365 735 se
1388 705 1493 748 ipsum
1515 710 1623 736 movet

295 762 433 806 aliquid,
454 773 519 793 non
539 761 684 803 sequitur
702 759 882 797 necessum,
902 764 939 789 ut
958 757 1038 788 illud
1058 768 1183 800 semper
1203 758 1313 789 fuerit.

911 870 1018 911 gn.

317 968 500 990 ARGUMENTA
522 965 730 988 TELEOLOGlCA
752 966 791 985 Ex
816 964 969 985 ANALOGIA
994 965 1086 985 OMNIS
1108 965 1209 985 RERUM
1232 965 1360 985 NATURAE
1382 966 1419 986 ET
1442 964 1597 986 ACCL‘RATA

536 1029 645 1050 TOTIUS
668 1027 793 1048 NATURAE
816 1027 947 1047 HUMANAE
970 1027 1239 1048 CONTEMPLATIONE
1261 1026 1379 1048 PETl'rA.

340 1116 449 1148 Cuivis
464 1120 605 1146 mentem
623 1113 791 1156 diligenter
810 1112 850 1143 ad
868 1124 996 1143 omnem
1014 1123 1124 1144 rerum
1144 1117 1323 1143 creatarum
1341 1117 1490 1143 naturam
1507 1111 1623 1144 adver-

296 1170 393 1209 tenti,
412 1179 599 1212 persuasum
619 1178 684 1197 non
699 1177 765 1197 esse
779 1177 844 1196 non
862 1166 993 1207 poterit,
1010 1165 1179 1197 hominum
1198 1166 1320 1197 animos
1335 1176 1402 1197 esse
1416 1166 1622 1198 immortales.

294 1223 332 1253 In
350 1233 460 1254 rerum
480 1222 565 1251 enim
587 1219 794 1251 universitate
814 1218 896 1249 nihil
915 1219 1041 1258 interit,
1062 1218 1237 1261 negligitur
1253 1218 1351 1258 nihil,
1367 1218 1423 1249 sed
1442 1219 1547 1250 omnia
1568 1229 1624 1257 ea,

295 1286 366 1318 quae
386 1285 442 1305 nos
462 1275 495 1304 in
518 1272 656 1303 nihilum
677 1271 781 1303 redire
800 1270 952 1311 dicimus,
979 1272 1164 1303 continuam
1186 1272 1407 1304 tantummodo
1428 1272 1623 1312 formarum,

294 1326 411 1370 quihus
432 1325 575 1357 hucdum
593 1324 682 1355 nobis
703 1329 933 1366 apparuerant,
954 1325 1166 1356 mutationem
1184 1324 1335 1363 subeunt.
1361 1325 1483 1357 Hiemis
1501 1326 1623 1357 tristem

292 1385 452 1422 torporem
473 1379 593 1421 excipit
611 1388 692 1409 nova
713 1377 795 1408 veris
819 1382 910 1407 aetas:

455 1461 470 1477 «
494 1450 566 1478 Cum
583 1450 733 1477 arboribus
749 1448 870 1477 redeunt
884 1448 1002 1477 deteneae
1022 1450 1127 1488 friqore
1143 1449 1276 1488 frondes,

453 1519 467 1536 »
495 1508 527 1535 V
524 1508 653 1546 ividaque
670 1509 702 1535 ‘in
718 1507 836 1546 qravido
851 1508 973 1546 palmite
992 1518 1103 1546 qemma
1122 1509 1239 1536 tumet.”

292 1577 398 1608 Eruca
418 1587 546 1618 quoque
566 1575 701 1606 antehac
723 1575 815 1606 humi
837 1586 952 1617 repens
976 1581 1141 1618 angustam
1161 1587 1252 1606 suam
1276 1574 1465 1615 aediculam,
1495 1575 1529 1606 in
1557 1587 1621 1618 qua

292 1630 415 1661 inclusa
441 1629 538 1672 jacet,
567 1629 706 1672 sepulcri
729 1630 826 1659 instar
857 1628 994 1667 obtinet,
1028 1640 1100 1660 mox
1125 1634 1232 1659 tamen
1258 1628 1298 1660 ad
1327 1628 1491 1660 clariorem
1513 1629 1621 1660 lucem

293 1693 442 1721 evasura,
463 1681 631 1724 papilionis
648 1682 782 1712 formam
803 1680 909 1712 induit
930 1687 1026 1724 atque
1044 1683 1150 1712 aerem
1172 1681 1325 1724 pervolat.
1349 1682 1386 1712 In
1406 1682 1493 1713 omni
1511 1692 1621 1714 rerum

294 1741 409 1767 natura
431 1735 456 1765 si
476 1735 539 1766 tale
563 1735 642 1777 quid
663 1734 806 1766 accidere
826 1734 989 1774 videatur,
1015 1735 1101 1777 quod
1131 1735 1214 1765 mori
1234 1734 1367 1774 dicitur,
1394 1734 1477 1765 nihil
1500 1734 1622 1766 obtinet

292 1789 353 1819 nisi
373 1787 634 1830 metamorphosis
654 1787 800 1830 quaedam
815 1798 871 1818 seu
886 1788 920 1818 in
939 1787 1032 1818 aliam
1048 1788 1182 1819 formam
1196 1787 1347 1826 mutatio,
1368 1798 1432 1830 qua
1447 1798 1504 1830 per
1519 1788 1621 1819 varios

295 1842 385 1874 orbes
405 1847 438 1872 et
455 1841 685 1873 vicissitudines
708 1846 898 1872 conservatae
924 1841 957 1871 in
984 1852 1103 1872 novum
1129 1839 1264 1872 subinde
1289 1845 1406 1871 statum
1429 1840 1568 1883 migrant
1589 1846 1622 1871 et

294 1896 526 1938 παλιγγενεσίςι
541 1893 711 1937 prodeunt.
732 1894 821 1933 Quin
833 1895 938 1937 potius
948 1895 1045 1927 vitam
1059 1893 1205 1926 omnibus
1220 1893 1346 1925 abunde
1357 1899 1471 1926 natura
1485 1893 1621 1936 largitur

353 2006 386 2035 (ι)
403 2007 440 2028 Ila
458 2005 528 2028 Plalo
545 2005 572 2029 in
589 2006 702 2030 Phaedro.
722 2006 842 2037 Exposuit
860 2006 935 2031 etiam
957 2006 1020 2031 illud
1036 2010 1206 2039 argumentum
1227 2006 1280 2030 Cic.
1306 2005 1384 2030 Tusc.
1415 2008 1503 2036 quaest.
1524 2003 1572 2028 lib.
1593 2005 1617 2031 1,

287 2052 313 2067 c.
333 2045 375 2074 235
399 2045 434 2068 cf.
453 2045 542 2076 Wyu.
567 2045 632 2077 disp.
651 2045 722 2070 laud.
742 2046 846 2070 sectione
861 2047 886 2070 5.
