1747 2620
865 236 976 279 (30)

265 318 344 351 illud
381 317 518 354 donum,
553 325 616 357 quo
640 312 811 356 majorem,
842 321 935 352 quam
962 309 995 339 111
1022 307 1070 339 1115
1094 308 1184 338 terris
1209 307 1367 349 capimus,
1398 307 1582 339 felicitatem

240 362 247 365 i
266 372 387 414 assequi
405 370 519 408 liceat,
547 374 579 398 et
601 365 761 397 beneficiis
784 364 877 405 louge
902 360 1188 405 praestantioribus,
1217 371 1311 402 quam
1342 371 1416 402 quae
1441 360 1582 403 quotidie

265 425 353 456 nobis
378 423 530 464 largitur,
555 425 710 462 perpetuo
735 417 838 447 ornari
866 413 1044 457 possimus?
1076 413 1279 443 Manifestant
1301 418 1385 443 certe
1410 412 1582 455 benignam

265 479 347 509 113110
375 476 475 507 divini
498 474 640 505 numinis
665 470 861 502 voluntatem
887 479 960 497 cum
986 466 1123 497 inditum
1149 465 1237 495 nobis
1269 466 1338 496 vitae
1364 465 1583 507 perduraturae

266 530 478 566 desiderium,
509 532 541 556 et
566 529 716 565 concepta
746 521 806 565 jam
834 518 1078 550 immortalitatis
1101 529 1188 560 spes,
1218 523 1287 548 tum
1318 519 1446 548 rationis
1472 524 1586 549 nostrae

235 622 238 626 ²
267 582 416 620 facultas,
438 591 499 622 qua
521 583 655 609 mortem
674 574 828 618 praevidet
852 572 984 615 ejusque
1005 571 1192 601 vastationes
1212 570 1372 611 intelligit.
1395 571 1476 609 Quae
1496 582 1585 611 sane,

266 637 291 666 si
312 634 409 665 animi
425 638 528 663 essent
542 629 704 668 mortales,
723 628 839 658 frustra
856 625 945 656 nobis
962 623 1125 654 indidisset
1139 623 1233 663 (leus,
1254 635 1359 665 neque
1379 624 1431 655 alii
1447 626 1585 667 cuipiam

269 688 324 719 fini
347 685 552 723 inservirent,
573 683 632 713 nisi
653 680 851 712 acerbissime
866 676 1048 708 hominibus
1069 675 1214 706 fallendis
1236 682 1332 718 atque
1356 678 1584 709 excruciandis.

269 739 357 770 Absit
379 749 452 769 vero
472 748 487 767 a
510 735 599 766 nobis
619 735 724 765 haecce
745 732 867 774 opiniO,
893 730 951 760 deo
970 740 1093 760 summe
1113 728 1195 759 bono
1215 728 1361 771 indigna!
1383 730 1511 761 Meliora
1528 743 1587 773 po-

270 794 332 824 tius
350 797 470 822 naturae
485 794 597 820 nostrae
617 786 810 830 praestantia,
832 783 1036 824 numinisque
1051 781 1228 824 benignitas
1248 793 1373 824 sperare
1389 794 1444 813 1105
1463 783 1586 826 jubent.

313 845 400 875 Nova
419 844 535 873 iterum
552 841 629 871 huic
649 843 837 881 argumento
861 837 907 868 vis
928 835 1050 865 accedit
1070 846 1086 865 a
1107 835 1363 865 remuneratione
1383 836 1448 867 sive
1469 836 1587 879 justitia

271 897 396 934 divina,
425 906 487 937 qua
511 892 684 924 benefactis
709 890 837 933 praemia
868 894 900 918 et
929 887 1102 917 malefactis
1131 898 1240 929 poenas
1263 889 1436 919 constituit.
1470 889 1505 919 In
1529 889 1588 920 hac

271 955 378 980 autem
402 948 463 978 vita
486 945 599 987 saepius
621 943 766 976 videmus
786 941 875 972 bonis
897 940 978 971 male
999 950 1064 970 esse
1085 946 1117 970 et
1139 940 1227 970 malis
1249 940 1347 979 bene,
1375 942 1459 983 quod
1484 953 1590 984 neque

271 1002 378 1043 legum
401 999 543 1042 majestas
558 1007 664 1039 neque
682 995 867 1037 legislatoris
882 994 1018 1036 dignitas
1036 993 1119 1023 serre
1135 998 1245 1034 potest.
1271 993 1446 1035 Saepissime
1463 1005 1591 1037 quoque

271 1053 374 1084 scelus
391 1053 505 1083 avertit
520 1061 633 1093 poenas
648 1060 735 1088 suas,
755 1048 820 1079 sive
836 1046 1036 1077 clandestinis
1056 1045 1237 1085 fraudibus,
1256 1046 1321 1077 sive
1341 1047 1506 1088 potentiae‚
1528 1059 1591 1090 qua

275 1107 389 1149 pollet,
415 1106 446 1137 vi
467 1111 562 1146 atque
581 1102 724 1133 audacia.
750 1099 861 1139 Quid?
877 1099 961 1142 quod
984 1098 1090 1130 divina
1110 1098 1316 1140 humanaque
1335 1101 1440 1130 onmia
1458 1111 1593 1143 susque—

274 1159 378 1201 deque
399 1157 528 1195 habeas,
555 1155 713 1188 vindicem
733 1153 784 1184 dei
803 1153 946 1183 dextram
967 1157 1068 1182 morte
1088 1152 1243 1193 praevenit
1260 1157 1355 1194 atque
1373 1152 1451 1195 legis
1474 1154 1539 1185 vim
1561 1161 1594 1185 et

274 1213 429 1256 justitiam
451 1208 578 1241 eludit?
606 1209 653 1239 Ita
677 1207 796 1238 scilicet
819 1206 908 1236 malis
933 1211 1048 1235 sortem
1072 1215 1161 1235 suam
1184 1204 1399 1245 invideamus,
1431 1212 1463 1236 et
1493 1207 1594 1238 omnis

275 1267 375 1298 virtus
394 1270 426 1295 et
443 1263 570 1305 religio,
587 1271 660 1303 quae
678 1261 745 1290 sine
764 1258 1027 1290 remunerationis
1043 1268 1097 1299 spe
1114 1257 1227 1288 misera
1244 1263 1382 1289 utuntur
1398 1258 1594 1299 conditione,

275 1316 515 1350 contemnendae
534 1320 609 1346 sunt
630 1319 662 1345 et
683 1311 916 1355 proculcandae.
943 1310 1000 1341 Ast
1017 1321 1058 1340 ne
1079 1309 1174 1340 deum
1196 1309 1402 1353 justissimum
1418 1311 1597 1342 calumnie—-

275 1371 365 1402 mur!
388 1371 510 1402 Divinae
531 1366 658 1411 justitiae
679 1376 797 1396 munus
817 1376 918 1407 quum
939 1365 973 1394 in
994 1362 1090 1407 hujus
1108 1361 1180 1395 vitae
1196 1363 1350 1396 brevitate
1368 1376 1432 1395 non
1452 1364 1595 1396 absolva-

276 1430 346 1462 tur,
370 1422 505 1453 eflicitur
523 1425 593 1462 post
612 1418 695 1450 hanc
716 1418 813 1450 vitam
833 1429 928 1448 suum
950 1416 1068 1458 cuique
1090 1415 1246 1447 tributum
1265 1416 1314 1446 iri.
1339 1417 1379 1447 Et
1403 1422 1440 1447 ut
1459 1418 1595 1459 quisque

277 1476 391 1508 melius
412 1480 444 1505 et
466 1472 660 1504 constantius
680 1477 820 1502 mentem
841 1480 1007 1512 moresque
1030 1469 1068 1500 ad
1089 1470 1240 1501 virtutem
1264 1475 1295 1499 et
1316 1469 1455 1500 divinam
1479 1464 1597 1502 'volun-

278 1535 375 1559 tatem
395 1526 621 1564 conformavit,
646 1525 688 1555 ita
709 1524 827 1555 certius
847 1524 1004 1565 citiusque
1023 1522 1190 1564 posthanc
1213 1522 1308 1554 vitam
1335 1522 1386 1553 dei
1407 1523 1596 1554 commercio

278 1582 407 1612 beatum
432 1585 463 1610 et
490 1577 667 1609 immortale
692 1577 786 1619 deget
811 1588 916 1608 aevum
944 1575 1094 1606 liberatus
1121 1575 1265 1607 omnibus
1293 1575 1354 1606 illis
1379 1576 1536 1607 erroribus
1554 1582 1598 1618 ‘et

280 1635 384 1672 malis,
412 1632 527 1675 quibus
550 1632 602 1662 hic
627 1631 787 1673 agitantur
809 1630 914 1660 miseri
936 1629 1091 1659 mortales.
1117 1628 1228 1670 Neque
1249 1628 1316 1659 haec
1340 1634 1414 1659 sunt
1435 1629 1517 1667 sola,
1542 1629 1596 1660 sed

280 1688 340 1718 alia
361 1686 504 1729 quaedam
525 1684 630 1715 adhuc
651 1682 854 1715 observanda.
881 1682 1040 1712 Nimirum
1061 1681 1219 1712 mundum
1233 1680 1331 1711 semel
1348 1680 1510 1711 conditum
1534 1692 1598 1712 non

281 1740 338 1771 sibi
357 1740 413 1770 soli
438 1751 454 1769 a
475 1738 533 1769 deo
555 1736 694 1779 relinqui
716 1735 770 1766 sed
793 1735 957 1778 providam
981 1734 1104 1766 assidue
1125 1734 1174 1764 dei
1203 1733 1418 1776 operationem
1439 1734 1598 1775 experiri,

282 1805 339 1825 seu
357 1793 422 1823 dari
444 1790 675 1834 providentiam
697 1788 853 1827 divinam,
884 1788 936 1819 hic
960 1794 1124 1829 tamquam
1144 1793 1267 1817 certum
1290 1787 1448 1828 ponimus.
1476 1786 1598 1824 Quodsi

282 1847 381 1889 igitur
401 1844 599 1876 attendamus
615 1842 654 1873 ad
676 1843 754 1872 fines
774 1832 966 1879 causarum,
979 1851 1058 1883 quos
1078 1839 1156 1870 deus
1176 1839 1234 1870 sibi
1254 1840 1359 1881 posuit
1380 1839 1413 1868 in
1432 1838 1599 1869 hominum

284 1899 461 1940 mundique
476 1896 711 1929 conservatione
727 1901 760 1926 et
774 1894 1018 1937 gubernatione,
1037 1892 1136 1924 multa
1152 1899 1240 1932 sunt,
1262 1903 1333 1934 quae
1349 1903 1405 1934 pro
1420 1892 1599 1923 animorum

284 1950 520 1984 immortalitate
550 1954 707 1992 pugnent.
755 1948 871 1978 Omnia
906 1958 980 1978 sane
1011 1951 1190 1988 comparata
1224 1951 1300 1976 sunt
1335 1951 1368 1975 et
1406 1944 1600 1975 conformata

286 2005 326 2036 ad
348 2002 594 2047 promovendam
618 2001 838 2045 cujuscunque
861 2011 901 2032 ex
930 1999 1009 2033 vivis
1034 1999 1179 2031 salutem.
1208 1997 1257 2029 Ad
1286 1997 1446 2040 quodnam
1472 1997 1544 2029 vitae
1569 2002 1602 2027 et
