1747 2620
745 235 836 277 (3)

130 307 323 352 praecipuam
340 306 544 351 quaerendam
561 317 627 338 esse
642 317 786 348 causam,
801 308 1004 352 praecipuum
1018 310 1260 345 incitamentum
1270 338 1278 354 ,
1296 327 1353 348 cur
1368 318 1452 351 cives

129 362 164 393 in
185 361 331 405 pluribus
353 361 458 404 regnis
476 360 598 392 salvum
621 359 678 391 sibi
698 366 731 391 et
750 360 907 393 intactum
927 361 1005 406 juris
1012 387 1021 403 ,
1046 363 1086 395 ab
1106 365 1172 407 ipsa
1195 373 1307 399 natura
1333 372 1450 403 consti-

129 415 206 454 tuti,
230 415 437 454 exercitium,
463 414 661 445 conscientiae
685 425 750 445 suae
774 414 899 446 decreta
923 414 1022 447 libere
1046 418 1216 460 sequendi,
1244 420 1448 465 religionem,

128 479 224 510 quam
245 468 394 510 optimam
416 467 475 510 ipsi
495 467 692 508 censuerint,
714 467 813 500 libere
830 470 1016 511 profitendi,
1038 472 1135 502 animi
1156 473 1290 516 cogitata
1309 481 1342 506 et
1361 488 1448 510 sensa

127 521 226 553 libere
241 533 314 553 cum
330 521 397 552 aliis
412 521 684 561 communicandi,
696 522 883 568 scriptisque
893 522 1081 566 evulgandi3
1097 536 1156 556 cur
1170 527 1314 559 omnium
1329 529 1448 562 civium

127 586 232 607 coram
249 575 319 617 lege
337 575 564 617 aequalitatem,
582 575 823 618 privilegiorum
844 576 1095 620 abrogationem,
1116 580 1227 622 populi
1245 581 1284 612 ad
1302 582 1448 616 ferendas

126 628 226 671 leges,
252 634 439 671 sumtusque
463 627 606 671 publicos
629 628 838 668 definiendos,
866 641 1053 662 consensum
1075 637 1108 662 et
1127 635 1347 666 auctoritatem
1355 648 1364 676 3
1390 649 1448 669 cur

125 681 193 713 haec
212 682 310 724 igitur
330 687 363 712 et
382 681 441 712 alia
463 682 717 724 praestantissima
742 681 894 713 libertatis
916 684 1017 715 civilis
1043 684 1202 727 praesidia,
1226 696 1391 729 poscerent
1416 697 1448 722 et

124 735 417 778 consequerentur?
443 736 491 766 Ex
512 747 649 778 quonam
672 735 732 766 alio
752 735 857 775 fonte,
879 748 974 779 quam
998 748 1037 768 ex
1059 737 1209 770 doctrinis
1228 738 1306 783 juris
1326 742 1446 784 publici

124 788 309 821 universalis
332 794 428 830 atque
448 788 594 819 Politices
617 789 796 831 principiis,
818 789 865 820 illi
887 790 1064 821 excelsioris
1085 792 1199 831 animi,
1226 794 1325 825 seculi
1348 807 1445 838 supe-

121 841 212 872 rioris
233 841 345 872 decora
368 847 400 871 et
423 847 624 881 ornamenta,
652 842 676 872 F
678 841 830 873 ridericus
851 842 1000 885 Magnus,
1024 844 1180 886 Josephus
1204 845 1248 885 II,
1276 847 1444 881 Catharina

121 894 238 926 Russiae
260 893 476 937 αὐτοκράτωρ,
497 894 645 924 Toscanae
662 894 728 925 dux
743 895 937 937 Leopoldus,
960 896 1115 939 principia
1136 900 1356 940 repetiverunt
1373 902 1443 944 illa,

121 959 193 990 quae
220 948 253 978 in
283 947 435 978 mutando
466 958 573 977 rerum
605 946 805 988 publicarum
835 953 920 978 statu
947 954 979 979 et
1009 950 1043 980 in
1073 951 1218 992 augenda
1245 952 1444 988 subditorum

121 1000 273 1031 felicitate
290 1000 419 1042 exsequi
440 1005 472 1030 et
487 999 526 1030 ad
542 999 692 1030 effectum
709 1000 884 1042 perducere
903 1001 1138 1034 allaborarunt'?
1157 1005 1356 1043 Quibusnam
1376 1009 1443 1041 aliis

120 1053 336 1084 fundamentis
360 1058 573 1094 superstructa
594 1058 671 1096 sunt
694 1053 809 1083 eximia
834 1053 888 1084 illa
915 1065 1023 1085 rerum
1051 1055 1253 1097 publicarum
1281 1060 1441 1102 instituta,

119 1105 172 1136 illa
201 1106 373 1136 firmissima
397 1105 550 1135 libertatis
570 1105 786 1144 munimenta,
813 1116 884 1147 quae
908 1107 1013 1137 nostra
1039 1114 1145 1148 aetate,
1174 1112 1373 1144 sanctissimis
1402 1115 1441 1147 de

119 1159 252 1201 imperio
273 1158 396 1201 legibus
420 1158 570 1197 conditis,
592 1157 720 1198 Galliae,
739 1157 866 1200 Belgio,
887 1158 1045 1200 Bavariae,
1068 1161 1200 1205 aliisque
1221 1166 1341 1207 regnis,
1364 1178 1441 1199 con—

118 1223 201 1243 cessa
222 1211 367 1244 videmus
389 1217 421 1242 et
443 1211 650 1242 confirmata?

160 1265 283 1296 Verum
312 1265 495 1304 enimvero,
526 1276 591 1295 non
620 1270 745 1296 tantum
778 1265 930 1297 salutares
959 1266 1022 1298 illae
1050 1273 1082 1299 et
1112 1268 1151 1300 ad
1177 1271 1439 1306 corroborandam

117 1319 236 1351 civium
256 1318 434 1350 libertatem
455 1318 576 1349 idoneae
596 1318 765 1357 doctrinae,
790 1319 845 1350 sed
870 1320 964 1351 etiam
987 1321 1144 1363 pestiferae
1166 1323 1234 1354 aliae
1257 1330 1289 1355 et
1313 1326 1353 1357 ad
1374 1326 1439 1358 dis-

116 1371 298 1404 solvendam
313 1371 439 1404 civilem
457 1371 638 1402 societatem
653 1372 790 1402 maxime
808 1379 1012 1414 comparatae,
1027 1375 1091 1406 vim
1111 1374 1294 1408 habuerunt
1308 1384 1340 1409 et
1354 1390 1439 1411 sem-

115 1435 173 1467 per
196 1424 315 1456 habent
337 1424 506 1455 maximam
527 1425 560 1455 in
581 1435 689 1455 rerum
711 1423 913 1467 publicarum
936 1427 1150 1459 conditionem
1174 1435 1206 1459 et
1227 1429 1436 1473 disciplinam.

115 1478 196 1510 Nam
217 1479 337 1510 etiamsi
359 1477 513 1522 ejusmodi
531 1477 682 1509 doctrinae
701 1479 879 1520 proximam
895 1480 1024 1522 quidem
1046 1480 1272 1514 discordiarum
1289 1490 1322 1514 et
1336 1484 1438 1516 bello—

116 1543 189 1563 rum
209 1531 349 1564 civilium
366 1542 492 1563 causam
512 1542 576 1562 non
592 1532 790 1571 contineant,
807 1533 883 1574 ipsae
901 1539 1008 1564 tamen
1024 1534 1056 1565 in
1072 1534 1188 1577 vulgus
1203 1536 1439 1578 imprudentius

114 1596 226 1628 sparsae
253 1584 454 1625 ,subditorum
486 1584 698 1616 obedientiam
730 1586 954 1626 imminuunt,
986 1587 1213 1629 imperantium
1250 1588 1436 1631 dignitatem

113 1638 283 1681 frangunt,
305 1638 488 1680 animosque
507 1638 548 1669 ad
568 1639 796 1671 excutiendum
816 1640 909 1672 civile
927 1641 1099 1684 imperium
1120 1642 1282 1683 proniores
1296 1643 1436 1675 reddunt

114 1696 146 1722 et
165 1691 360 1733 cupidiores3
382 1697 414 1722 et
433 1693 458 1722 si
477 1692 560 1722 forte
582 1692 756 1724 difficiliora
776 1693 963 1736 reipublicae
983 1699 1125 1736 tempora
1144 1694 1331 1736 inciderint,
1353 1697 1435 1729 viros

114 1754 255 1786 quosque
280 1744 465 1775 ardentioris
487 1745 608 1787 ingenii
630 1746 791 1789 abripiunt
811 1753 843 1778 et
865 1747 1043 1779 incendunt
1068 1747 1106 1778 ad
1127 1748 1232 1779 omnia
1253 1748 1349 1780 simul
1370 1751 1435 1781 rei—

114 1795 248 1839 publicae
266 1797 408 1828 instituta
428 1797 574 1829 funditus
594 1800 776 1832 evertenda.
801 1800 1009 1833 Saevientibus
1029 1806 1136 1831 autem
1157 1812 1267 1832 rerum
1287 1801 1434 1843 publica—

113 1861 187 1881 rum
208 1849 323 1889 turbis,
346 1851 488 1882 homines
511 1851 666 1883 ambitiosi
685 1859 717 1883 et
736 1853 874 1893 factiosi,
901 1854 1116 1885 doctrinarum
1136 1853 1264 1885 illarum
1288 1857 1432 1897 praesidio

112 1909 259 1943 utentes,
289 1910 474 1947 usurpatam
498 1916 516 1936 a
539 1916 572 1936 se
594 1912 781 1949 potestatem
805 1913 961 1940 conantur
990 1907 1092 1945 tueri,
1124 1917 1272 1938 concussa
1297 1908 1431 1940 civitatis

112 1955 320 1989 fundamenta
344 1957 484 1998 firmare,
510 1958 622 2001 populi
649 1959 832 1991 felicitatem
860 1959 1019 1998 stabilire,
1048 1969 1180 2001 remque
1204 1959 1365 2001 publicam
1390 1973 1429 1992 cx

112 2008 165 2040 illa
186 2008 286 2042 veluti
303 2009 373 2052 lege
393 2010 625 2053 administrare,
646 2012 746 2044 donec
766 2013 892 2045 tandem
915 2013 1079 2054 fictionum
1100 2012 1226 2045 illarum
1239 2037 1248 2054 ,
1268 2013 1307 2045 ad
1324 2025 1428 2056 popu—-
