1747 2620
699 288 812 332 (65)

89 369 216 402 docebit
236 369 299 412 (1):
334 367 425 398 »Vir
450 364 596 409 quidam,
622 375 724 407 quum
756 361 905 394 cohibere
933 374 1031 406 equos
1055 374 1188 395 currum
1215 371 1284 407 post
1305 377 1337 397 se
1365 373 1430 398 tra-

91 437 109 456 »
126 425 239 456 hentes
262 422 374 461 vellet,
400 432 530 453 eversus
557 419 595 451 ab
619 419 694 462 ipsis
720 418 784 450 fuit
808 424 839 449 et
864 418 948 449 infra
973 430 1106 449 currum
1134 418 1311 463 projectus,
1341 421 1432 465 cujus

93 484 268 509 »rotarum
295 487 360 507 una
390 480 488 506 totam
513 473 683 504 miserrimi
713 472 799 503 illius
828 471 974 503 dextram
1006 471 1157 503 Thoracis
1186 479 1218 503 et
1246 473 1432 506 Abdominis

94 544 111 563 >³
128 538 250 575 partem
271 530 469 573 pertransiit,
490 528 636 571 protinus
657 527 752 558 vitani
772 526 900 557 efflavit.
924 525 1092 557 Cadaveris
1108 526 1204 557 sectio
1224 532 1344 558 tantam
1362 539 1432 559 cos-

94 598 111 617 ))
128 592 233 616 tarum
245 590 381 626 stragem
401 584 604 620 monstravit,
621 587 657 612 ut
672 581 818 623 quinque
833 580 954 622 priores
968 591 1057 611 veras
1072 586 1170 625 costas
1187 586 1219 611 et
1234 587 1296 612 tres
1312 582 1432 624 priores

92 638 249 681 »spurias
281 636 411 667 diversis
445 635 521 666 Iocis
549 641 582 666 et
610 634 773 665 multoties
805 633 920 664 fractas
954 633 1051 664 fuisse
1082 636 1277 676 apparuerit.
1312 636 1432 668 Praeter

91 692 195 724 »illas
223 691 366 722 laesiones
402 687 685 721 animadvertenda
720 693 787 718 erat
815 692 879 717 tota
917 686 1094 718 abdominis
1125 689 1242 719 cavitas
1277 691 1433 733 sanguine

92 758 111 778 2>
126 745 247 789 repleta
258 769 266 784 ‚
283 745 384 787 hepar
400 744 490 786 quasi
506 743 694 775 dilaniatum
705 765 712 779 ‚
733 740 997 783 ventriculusque
1014 741 1142 772 tandem
1159 741 1382 775 dilaceratus.'’
1397 745 1433 776 In

89 800 188 831 hacce
218 798 437 830 observatione
463 797 536 828 luce
558 795 733 826 meridiana
754 795 871 826 clarius
893 801 1042 838 apparet,
1066 807 1194 827 causam
1218 799 1326 829 mortis
1348 810 1433 841 prae-

90 855 218 897 cipuam
240 865 305 884 non
326 851 532 895 quaerendam
555 862 620 882 esse
638 852 672 881 in
694 856 851 881 costarum
871 850 1030 889 fractura,
1052 850 1107 881 sed
1125 851 1231 893 potius
1254 852 1288 883 in
1310 852 1433 896 hepatis

90 914 123 939 et
149 906 321 940 ventriculi
350 905 438 937 tanta
467 904 704 936 dilaceratione.
749 904 866 934 Omnia
899 904 999 947 igitur
1030 915 1201 948 praegressa
1231 917 1288 937 nos
1319 907 1434 940 docent

90 968 249 993 costarum
272 961 428 992 fracturas
451 970 508 1002 per
530 969 562 989 se
585 969 650 989 non
675 957 809 988 lethales
830 968 912 997 esse,
938 958 993 989 sed
1019 959 1129 989 mortis
1152 960 1334 1002 periculum
1359 963 1435 994 oriri

90 1027 131 1047 ex
153 1015 247 1047 variis
268 1013 462 1057 quibuscum
483 1012 667 1056 junguntur
688 1011 1001 1054 complicationibus,
1022 1012 1174 1056 quodque
1194 1014 1375 1056 periculum
1397 1027 1434 1048 eo

90 1069 194 1113 majus
214 1070 270 1109 sit,
293 1080 357 1111 quo
385 1067 524 1098 nobilius
549 1067 589 1097 sit
612 1060 770 1109 organum
792 1065 902 1097 laesum
933 1072 965 1097 et
986 1077 1049 1109 quo
1075 1067 1220 1099 intimius
1246 1068 1333 1100 laesio
1359 1081 1435 1112 pro-

90 1123 249 1166 serpserit.

133 1176 310 1208 Videamus
328 1186 416 1207 nunc
436 1175 599 1206 succincte
615 1172 694 1216 quid
715 1173 843 1205 eveniat
863 1179 895 1205 et
913 1185 1061 1217 quaenam
1081 1174 1283 1208 incommoda
1304 1178 1437 1220 pericu-

90 1231 186 1274 laque
209 1235 280 1273 post
304 1240 336 1260 se
362 1228 491 1259 trahant
517 1234 675 1259 costarum
700 1229 913 1260 contusiones.
942 1229 1104 1260 Violentia
1126 1230 1174 1273 (2)
1200 1231 1436 1276 cujuscumque

90 1285 230 1329 corporis
248 1284 373 1316 externi
392 1294 464 1325 quae
484 1282 769 1313 inflammationem
789 1282 931 1324 pei-iostii
953 1282 1162 1323 determinat,
1185 1295 1250 1315 ossa
1270 1285 1434 1319 denudare

89 1345 209 1383 potest,
234 1344 267 1369 et
289 1338 370 1368 acris
390 1336 508 1367 actioni
528 1335 736 1375 submittere,
759 1335 852 1379 cujus
873 1342 951 1368 tunc
971 1336 1023 1369 vel
1043 1337 1207 1370 exsoliatio
1228 1339 1279 1372 vel
1298 1342 1437 1373 mortifi-

90 1394 172 1425 catio
196 1392 451 1430 determinatur3
476 1401 548 1432 quae
577 1389 720 1430 affectio,
746 1390 771 1420 si
796 1390 926 1421 unicam
955 1397 1072 1422 costam
1095 1392 1238 1433 invadit,
1264 1395 1435 1427 sanationis

91 1446 264 1479 admodum
286 1456 386 1487 capax
404 1450 464 1484 est,
489 1444 539 1474 sin
558 1450 686 1475 econtra
709 1444 819 1487 plures
838 1445 1040 1488 aggreditur,
1066 1457 1236 1490 magnum,
1258 1454 1296 1480 ut
1319 1461 1378 1492 per
1402 1462 1435 1482 se

91 1507 194 1545 patet,
213 1499 396 1543 periculum
411 1498 584 1541 portendit.
603 1498 709 1530 Caries
725 1505 883 1531 costarum
900 1499 1048 1531 omnibus
1060 1501 1178 1541 causis,
1195 1513 1267 1544 quae
1286 1503 1368 1545 ipsas
1383 1504 1435 1537 vel

93 1555 248 1597 frangunt
273 1553 325 1585 vel
351 1552 575 1592 contundunt,
604 1553 739 1596 produci
766 1560 886 1597 potest,
910 1560 943 1585 et
967 1554 1138 1597 aliquando
1163 1556 1320 1599 originem
1343 1569 1435 1590 suam

93 1608 192 1640 trahit
209 1618 227 1639 e
249 1604 423 1650 purulenta
442 1607 629 1639 collectione
649 1607 771 1651 pleurae
788 1608 839 1641 vel
854 1609 1080 1652 empyematiS‚
1102 1609 1196 1653 cujus
1215 1622 1275 1653 pus
1295 1612 1343 1642 uti
1364 1624 1436 1643 cor-

93 1662 235 1694 rosivum
258 1660 323 1704 agit
340 1660 405 1703 (3),
428 1660 463 1691 in
481 1660 579 1692 hocce
601 1661 703 1693 morbi
724 1674 842 1706 genere
858 1662 961 1694 fistula
979 1674 1104 1706 semper
1121 1663 1281 1705 oboritur,
1298 1666 1437 1708 persistit

93 1721 125 1747 et
147 1715 342 1759 plerumque
364 1720 520 1756 aegrotans
543 1715 636 1758 perit.
670 1715 777 1748 Caries
801 1723 956 1760 praeterea
977 1718 1063 1748 nasci
1089 1723 1194 1760 potest
1219 1725 1351 1750 contuso
1377 1732 1437 1763 pe-

94 1770 199 1801 riostio
223 1774 399 1808 costarum,
425 1769 773 1814 sauciatusque'potest
793 1771 921 1803 vulneri
942 1778 1101 1815 superstes
1122 1784 1251 1804 manere
1272 1774 1335 1816 (4),
1361 1786 1436 1807 nam

97 1822 172 1855 dum
190 1823 289 1854 caries
305 1823 407 1854 oritur
424 1822 442 1853 ὲ
458 1823 552 1854 causa
569 1823 706 1866 quadam
724 1825 798 1856 nota
814 1826 915 1868 ipsam
930 1825 1113 1857 sanabimus
1127 1826 1187 1857 hac
1203 1825 1304 1858 ablata
1323 1830 1434 1869 causa3

96 1882 126 1909 at
145 1878 309 1910 enimvero
329 1877 354 1907 si
374 1876 446 1908 haec
464 1877 572 1920 ignota
594 1878 647 1919 sit⁷
669 1878 722 1911 vel
743 1880 768 1910 si
787 1879 886 1912 lateat
905 1882 938 1912 in
954 1880 1021 1924 ipsa
1036 1886 1128 1911 costae
1146 1882 1325 1922 aegrotantis
1344 1888 1435 1925 parte

153 1990 186 2020 (1)
203 1990 348 2021 Duverney,
369 1990 486 2014 maladies
506 1991 546 2014 des
565 1999 605 2021 os,
625 1997 686 2015 tom.
706 1995 729 2016 Ι,
753 2001 811 2024 pag.
829 1993 884 2023 274.

154 2030 187 2059 (2)
204 2030 296 2060 Boyer,
313 2031 334 2053 l.
352 2030 390 2059 l.,
411 2034 472 2054 tom.
492 2033 529 2055 11.
550 2040 608 2064 pag.
630 2033 683 2057 180.

155 2070 187 2099 (5)
204 2069 351 2101 Duvauey,
367 2071 485 2094 maladies
500 2072 541 2095 des
558 2081 596 2104 os,
617 2078 678 2096 tom.
698 2075 720 2097 Ι.
743 2081 801 2104 pag.
820 2074 874 2103 276.

154 2109 186 2139 (4)
219 2109 303 2139 lbid.‚
428 2110 507 2141 ibid„
617 2117 678 2137 tom.
699 2115 721 2136 Ι.
740 2121 798 2145 pag.
817 2121 873 2144 277.
