1747 2620
738 243 853 287 (33)

126 334 322 368 omnemque
351 323 505 356 virtutem
532 319 718 358 exuissent,
753 317 848 350 nihili
878 317 1016 349 fecerint
1049 317 1251 349 conscientiae
1281 328 1346 349 suae
1375 317 1470 351 effata

126 379 271 423 legisque
301 376 428 409 moralis
463 372 708 407 auctoritatem!
748 371 811 403 Hos
845 371 945 414 igitur
980 371 1098 403 frustra
1131 371 1268 403 saeviisse
1301 372 1334 402 in
1370 382 1471 414 genus

125 433 308 465 humanum
342 437 439 474 atque
472 429 704 461 dirissimorum
734 425 892 458 scelerum
924 426 1150 468 impunitatem
1185 430 1371 456 consecutos
1406 436 1472 456 esse

128 484 370 519 existimemus?
400 485 443 516 At
467 495 542 517 vero
569 485 631 515 tuti
651 482 753 514 latent
778 481 811 512 in
838 480 992 523 sepulcris
1020 480 1084 511 suis
1106 485 1139 511 et
1163 491 1238 511 cum
1270 480 1472 511 conscientiae

128 541 308 574 damnantis
329 550 452 571 morsus
475 545 545 570 turn
568 548 696 569 omnem
722 536 819 568 simul
845 535 1008 578 effugiunt
1030 534 1215 565 vindictam.
1242 533 1372 565 Sublata
1396 544 1471 564 sane

128 596 309 628 animorum
329 593 572 625 immortalitate
594 604 659 623 non
680 596 784 635 potest
807 602 871 621 non
897 590 1024 621 virtutis
1047 588 1189 620 studium
1212 588 1392 631 plurimum
1415 588 1473 619 de·-

126 649 262 690 bilitari,
288 649 363 680 cuin
384 648 490 692 legem
511 647 618 687 illam,
643 657 715 690 quac
735 645 775 676 ad
794 655 923 675 omnem
942 644 1097 675 virtutem
1118 654 1175 673 nos
1193 643 1322 682 incitat,
1338 643 1473 685 impune

128 703 240 735 violari
256 703 434 735 videamus.
457 701 546 741 Quid
567 701 630 745 jam
653 705 806 732 metuunt
830 698 973 730 Nerones
998 703 1030 728 et
1052 696 1233 739 Caligulae?
1256 708 1321 727 non
1342 696 1474 738 quidem

125 757 311 796 infamiam,
336 757 393 800 qui
408 767 537 788 omnem
556 754 714 798 pudorem
731 753 925 795 deposuere,
948 757 980 783 et
995 762 1135 795 quorum
1156 750 1273 781 scelera
1293 750 1326 780 in
1347 749 1474 780 occulto

127 811 397 850 committuntur3
427 821 493 840 non
518 807 691 842 vindictam
713 807 908 845 humanam,
936 817 1033 849 quam
1058 803 1156 835 nullis
1180 815 1245 834 non
1271 802 1372 834 modis
1396 802 1475 834 sub-

126 865 294 907 terfugere
320 870 351 896 et
377 874 528 907 superare
553 868 707 907 possunt3
738 872 803 892 non
829 860 916 903 leges
941 865 973 890 et
997 869 1132 902 poenaS,
1168 869 1264 900 supra
1293 868 1372 900 quos
1400 862 1476 889 sunt

128 920 233 963 positi.
269 919 343 951 Jam
371 918 501 950 nullum
525 918 587 948 erit
611 916 764 955 frenum,
797 925 862 957 quo
890 914 1030 945 coerceri
1056 913 1203 955 impietas
1228 912 1343 955 possit,
1374 912 1476 944 virtus

128 972 230 1004 nulla.

174 1024 223 1056 Ab
244 1024 341 1055 altera
368 1034 443 1055 vero
465 1029 556 1065 parte
575 1021 836 1065 quandoquidem
858 1021 913 1052 ille
934 1022 1037 1064 turpis
1056 1021 1248 1064 honestique
1270 1032 1381 1052 sensus
1399 1031 1477 1063 per-

130 1079 303 1110 fectionem
324 1076 495 1114 moralem,
516 1081 676 1117 quantum
698 1074 829 1117 quidem
851 1075 920 1105 fieri
940 1075 1053 1118 possit,
1077 1076 1190 1105 sectari
1209 1085 1266 1105 nos
1286 1073 1413 1118 jubeat3
1436 1073 1477 1106 ad

128 1130 304 1162 absolutam
331 1128 429 1172 hujus
460 1128 675 1159 obedientiam
711 1139 784 1170 quae
808 1138 916 1170 neque
943 1127 1096 1170 periculis
1125 1133 1157 1159 et
1186 1127 1331 1167 (lamnis,
1364 1139 1474 1171 neque

127 1186 201 1217 vitae
221 1184 320 1227 ipsius
341 1182 463 1226 jactura
486 1182 607 1213 remitti
629 1183 740 1225 possit,
765 1187 917 1213 tenemur
939 1187 972 1213 et
993 1181 1233 1225 obstringimur.
1268 1182 1355 1213 Eniti
1379 1181 1475 1213 debet

129 1239 226 1271 homo
252 1243 311 1278 ut,
343 1243 508 1279 tamquam
538 1242 653 1268 natura
683 1236 808 1267 ratione
834 1235 989 1278 praedita,
1026 1242 1213 1279 assequatur
1247 1237 1447 1268 sanctitatem
1465 1261 1474 1277 ,

126 1299 292 1336 tamquam
314 1297 428 1322 natura
445 1290 589 1322 sensibus
610 1291 782 1330 instructa,
806 1288 1006 1320 felicitatem.
1032 1289 1070 1320 In
1096 1300 1161 1332 quo
1186 1289 1318 1332 quidem
1346 1290 1474 1322 virtutis

127 1353 225 1390 atque
247 1345 408 1377 felicitatis
428 1356 518 1376 nexu
538 1345 682 1376 cernitur
696 1344 855 1375 bonorum
871 1345 942 1375 finis
963 1350 995 1375 et
1009 1355 1149 1384 summa,
1166 1343 1230 1388 jam
1252 1348 1328 1377 ver'o
1348 1351 1473 1376 naturae

126 1403 279 1435 humanae
301 1399 502 1432 imbecillitas
521 1409 741 1442 sensuumque
757 1398 936 1430 dominium
953 1410 1010 1429 nos
1030 1398 1221 1442 impellunt,
1248 1405 1285 1430 ut
1305 1399 1393 1430 omni
1414 1410 1473 1431 vo-

126 1457 290 1501 luptatum
317 1465 435 1499 genere
457 1454 523 1485 frui
545 1465 700 1485 conemur
721 1464 897 1496 omnesque
919 1453 1002 1485 vires
1025 1453 1064 1484 ad
1085 1452 1221 1484 salutem
1242 1459 1340 1496 atque
1366 1452 1473 1484 felici-

127 1517 227 1542 tatem
253 1509 460 1541 obtinendam
490 1508 705 1540 conferamus.
738 1508 799 1540 Sed
826 1519 921 1539 nemo
947 1519 1093 1551 unquam
1123 1508 1158 1539 in
1184 1507 1244 1538 hac
1270 1518 1381 1539 rerum
1406 1507 1473 1538 hu-

128 1575 297 1596 manarum
322 1563 564 1607 perturbatione
594 1563 794 1594 sanctitatem
822 1562 1015 1605 acquisivit,
1050 1572 1158 1604 neque
1191 1572 1302 1592 omnes
1330 1560 1369 1592 ad
1395 1572 1472 1592 eum

129 1618 307 1651 ascendunt
330 1617 490 1649 felicitatis
512 1617 647 1661 gradum
675 1618 731 1661 qui
758 1628 823 1649 suae
849 1617 962 1648 virtuti
987 1615 1118 1659 aequalis
1143 1626 1209 1646 esse
1235 1615 1340 1646 debet.
1382 1615 1472 1653 Quid

129 1674 229 1716 igitur
244 1673 269 1704 si
284 1673 389 1705 omnia
410 1673 445 1703 in
461 1678 563 1703 morte
585 1671 768 1704 intereant?
789 1671 878 1703 Nihil
898 1670 994 1702 efficit
1014 1670 1096 1702 illud
1116 1670 1291 1701 sanctitatis
1310 1668 1470 1709 studium,

131 1727 184 1758 cui
206 1726 326 1759 scilicet
345 1726 506 1758 felicitatis
531 1726 676 1759 studium
698 1732 745 1758 est
766 1725 1036 1770 postponendum.
1066 1723 1149 1756 Male
1170 1723 1316 1767 profecto
1341 1722 1471 1755 consul-

132 1785 202 1811 tum
225 1786 272 1813 est
295 1780 391 1813 rebus
419 1781 586 1822 humanis,
616 1793 720 1825 quum
756 1780 796 1812 ob
822 1780 997 1811 sanctitatis
1035 1777 1180 1810 studium
1211 1777 1315 1808 omnis
1345 1777 1471 1820 generis

132 1832 254 1865 labores
272 1835 434 1867 exantlare
456 1835 635 1879 duramque
656 1845 739 1878 saepe
755 1840 872 1866 sortem
888 1834 1014 1878 perpeti
1029 1831 1238 1876 oporteat.-Si
1259 1830 1372 1862 iisdem
1395 1831 1471 1862 fini-

131 1887 192 1919 bus
214 1887 358 1920 laborum
384 1890 512 1922 virtutis
533 1890 677 1930 fructus,
701 1888 820 1932 quibus
842 1889 920 1928 vita,
942 1888 1153 1926 terminatur,
1181 1884 1267 1928 quid¹
1283 1896 1341 1929 ego
1362 1891 1469 1928 petam

131 1943 348 1983 sanctitatem,
370 1955 466 1986 quam
482 1951 589 1977 tamen
604 1944 729 1988 assequi
749 1954 929 1986 numquam
948 1939 1082 1984 potero?
1101 1940 1134 1971 Si
1154 1945 1224 1983 post
1239 1945 1376 1971 mortem
1397 1950 1470 1970 cor-

131 1997 217 2039 poris
240 2008 306 2028 non
330 1997 526 2039 protrahitur
547 1999 629 2039 vita,
657 1998 740 2030 nihil
765 2010 782 2029 a
809 2003 925 2028 natura
952 1994 1033 2027 mihi
1063 1993 1201 2039 traditur
1226 1994 1289 2027 vita
1319 1993 1469 2037 praesenti

131 2051 257 2092 carius,
286 2052 368 2083 nihil
396 2051 482 2095 quod
505 2059 596 2085 tanto
619 2054 722 2097 pretio
746 2052 871 2093 valeat3
899 2050 970 2083 haec
1004 2060 1170 2082 summum
1205 2048 1286 2082 mihi
1324 2048 1467 2088 bonum,
