1747 2620
728 265 840 309 (31)

113 326 270 372 cujusque
292 330 399 363 lateris
418 334 640 377 concipiantur
660 336 807 369 diametri
829 350 903 382 quae
924 348 1013 375 extra
1037 356 1168 379 curvam
1189 349 1368 392 productae,
1395 365 1450 385 oc—

112 390 249 414 currunt
265 384 389 417 duobus
407 387 559 419 lateribus
576 391 749 433 contigui5‚
766 400 886 435 puncta
902 396 1165 434 intersectionum
1185 403 1301 435 sistunt
1315 406 1348 437 in
1365 414 1448 439 recta

110 434 201 467 lateri
225 438 351 482 reliquo
374 442 597 484 quadrilateri,
623 445 785 488 parallela.

154 491 201 522 Sit
221 492 293 535 (fig.
312 494 372 536 33)
392 495 596 539 hexagonum
615 499 744 542 abcdef
755 502 910 544 parabolae
926 505 1134 551 inscriptum:
1153 522 1309 553 ponamus
1329 521 1449 557 puncta

95 555 126 574 ve
147 550 180 575 et
193 544 246 586 fa
265 548 393 589 punctis
412 561 433 579 a
453 556 484 581 et
504 551 529 581 cl
545 552 884 597 imlefinite‘amoveri3
908 566 986 593 tune
1007 570 1166 605 punctum
1187 566 1223 596 r''
1239 568 1334 599 etiam
1355 569 1450 601 inde-

108 598 197 630 finite
213 599 374 643 rejicitur,
391 609 422 634 et
438 603 535 636 latera
552 606 597 650 af
606 613 636 638 et
652 609 692 639 (Ie
707 610 745 641 ad
767 613 1017 654 parallelismum
1038 618 1187 651 tendunt:
1205 632 1297 664 ergo,
1320 624 1448 665 quando

107 658 227 693 puncta
251 665 268 684 e
289 660 321 685 et
336 654 365 697 f
382 657 414 687 in
439 658 601 691 infinitum
628 672 822 706 excurrunt,
849 667 947 700 latera
969 670 1058 713 afet
1082 673 1122 704 de
1142 675 1284 707 evadunt
1308 678 1392 709 inter
1414 691 1446 710 se

105 705 274 747 parallela,
292 708 344 740 vel
359 711 464 752 potius
479 713 563 745 fiunt
579 715 725 748 diametri
740 719 914 762 parabolae,
931 729 962 754 et
978 732 1136 767 punctum
1155 728 1192 758 r''
1207 729 1272 760 abit
1287 731 1320 761 in
1336 732 1447 763 infini—

106 764 193 800 tum,
216 761 360 806 adeoque
378 771 472 797 rectae
489 767 543 797 rR'
562 775 594 799 et
615 770 654 801 bc
672 772 705 803 in
724 774 890 816 parallelas
911 779 1195 813 transformantur:
1212 794 1287 827 ergo
1305 784 1445 829 denique

105 813 179 857 (fig.
202 815 266 858 35)
289 817 323 848 in
345 819 560 862 quadrilatero
582 824 687 866 ahod,
710 834 805 860 rectae
826 830 890 861 RR'
911 838 943 863 et
963 833 1002 864 bc
1022 841 1097 866 sunt
1117 835 1201 868 inter
1219 849 1252 870 se
1272 839 1442 881 parallelae.

583 950 855 998 THEoRnMA
912 958 956 991 x.
993 988 997 993 ,

146 1034 182 1065 In
204 1037 290 1068 omni
312 1039 528 1081 quadrilatero
548 1045 705 1087 parabolae
726 1049 984 1095 circumscripto,
1007 1061 1102 1086 rectae
1123 1067 1181 1099 per
1203 1056 1281 1089 duos
1306 1060 1441 1091 vertices

102 1090 260 1131 oppositos
281 1092 404 1134 ductae,
422 1102 454 1127 et
475 1098 635 1140 parallelae
655 1101 780 1134 duobus
799 1104 952 1137 lateribus
968 1107 1186 1152 adjacentibus
1203 1123 1274 1154 quae
1291 1124 1347 1155 per
1367 1114 1441 1145 istos

99 1144 234 1175 vertices
255 1151 439 1188 transeunt,
470 1162 537 1183 sese
557 1153 696 1185 invicem
718 1164 826 1189 secant
844 1170 942 1202 super
962 1161 1154 1196 diametrum
1173 1176 1245 1208 quae
1266 1177 1324 1209 per
1340 1169 1440 1200 verti-

99 1207 169 1228 cem
192 1198 318 1231 duobus
341 1202 410 1233 aliis
430 1203 584 1237 lateribus
606 1207 799 1251 formatum,
821 1215 945 1245 transit.

142 1250 190 1282 Sit
209 1252 281 1294 (fig.
303 1254 364 1297 34)
383 1256 550 1289 ABCDEF
569 1259 772 1304 hexagonum
790 1266 947 1308 parabolae
966 1269 1259 1316 circumscriptum:
1280 1287 1438 1318 ponamus

95 1310 217 1348 puncta
233 1306 260 1337 T
271 1313 303 1338 et
314 1308 352 1338 T'
367 1310 400 1340 in
417 1311 535 1353 quibus
550 1312 648 1346 latera
664 1316 717 1347 EF
735 1323 767 1348 et
781 1319 838 1350 DE
857 1322 1039 1363 parabolam
1054 1331 1207 1369 tangunt,
1224 1328 1258 1359 in
1272 1329 1437 1362 infinitum

96 1357 199 1390 abire:
213 1360 298 1392 idem
315 1363 377 1394 erit
389 1363 428 1395 de
442 1367 572 1408 punctis
589 1368 616 1398 D
626 1393 635 1408 ,
646 1370 672 1400 Ε
684 1377 716 1401 et
731 1371 769 1411 F,
785 1379 817 1404 et
827 1377 1003 1418 proprietas
1014 1378 1173 1423 hexagoni
1185 1383 1435 1427 circumscripti,

94 1413 238 1444 manebit
256 1416 386 1448 eadem:
405 1429 496 1461 ergo,
512 1431 552 1452 ex
568 1421 639 1465 lege
654 1425 889 1469 continuitatis,
911 1430 968 1462 ista
987 1434 1164 1476 proprietas
1180 1435 1286 1468 adhuc
1301 1437 1434 1479 valebit,

95 1467 224 1508 quando
248 1475 369 1511 puncta
391 1471 418 1502 T
437 1479 469 1503 et
488 1473 526 1504 T'
546 1487 583 1506 ac
603 1479 738 1520 proinde
757 1488 877 1523 puncta
897 1484 942 1524 D,
964 1485 991 1516 E
1008 1492 1040 1517 et
1057 1486 1082 1517 F
1100 1489 1132 1519 in
1153 1489 1317 1522 infinitum
1339 1499 1436 1523 erunt

94 1520 261 1562 translata,
283 1534 347 1566 quo
374 1525 406 1556 in
430 1538 504 1559 casu
530 1529 581 1560 CF
607 1531 647 1563 ad
670 1533 725 1563 AF
749 1540 781 1565 et
806 1535 859 1566 CD
884 1537 924 1569 ad
949 1539 1006 1569 AD
1033 1540 1116 1572 fiunt
1139 1543 1308 1585 parallelae.
1335 1546 1434 1578 Porro

92 1581 253 1617 punctum
272 1577 301 1608 Ε
322 1579 409 1621 quod
434 1587 481 1613 est
501 1582 684 1617 intersectio
705 1586 843 1620 duarum
868 1593 1070 1635 tangentium
1091 1595 1148 1626 DE
1166 1602 1199 1628 et
1215 1598 1283 1639 EF,
1304 1600 1338 1631 in
1359 1601 1435 1632 infi-

91 1629 198 1661 nitum
216 1638 384 1673 excurret,
399 1639 432 1665 et
447 1644 681 1680 consequenter
695 1639 751 1672 BE
768 1643 824 1674 fiet
839 1643 994 1678 diameter
1010 1649 1184 1691 paraholae:
1202 1663 1278 1696 ergo
1293 1653 1433 1698 denique

92 1681 143 1713 CF
165 1689 198 1714 et
220 1684 277 1717 AD
307 1686 379 1730 (fig.
400 1688 462 1732 36)
490 1689 644 1724 lateribus
669 1694 725 1726 AR
750 1702 783 1728 et
807 1698 858 1731 CR
887 1700 1047 1744 parallelae
1068 1709 1100 1735 et
1120 1703 1276 1739 diameter
1303 1719 1362 1752 per
1385 1709 1431 1750 Β,

89 1736 124 1768 in
145 1738 280 1771 unicum
301 1747 462 1784 punctum
485 1744 500 1774 Ι
519 1755 730 1781 concurrunt.

547 1856 841 1912 ‘THEOREMA
899 1880 970 1913 xi.

133 1956 171 1988 In
183 1959 270 1990 omni
282 1960 500 2001 quadrilatero
509 1966 666 2008 parabolae
676 1971 931 2016 circumscript0‚
948 1974 1047 2007 latera
1059 1979 1201 2021 opposita
1211 1981 1245 2012 in
1256 1984 1427 2025 segmentis

86 2013 394 2055 proportionalibuS,
417 2022 569 2061 tangente
593 2033 800 2069 quacumque
819 2030 1018 2061 transversali
1036 2038 1185 2065 secantur
1205 2035 1273 2079 (fig.
1287 2037 1362 2079 37.)

129 2064 177 2098 Sit
194 2066 305 2099 ABCD
327 2070 582 2114 quadrilaterum
608 2077 887 2125 circumscriptum
913 2089 945 2115 et
963 2083 1007 2116 cd
1026 2090 1160 2130 tangens
1181 2089 1356 2123 arbitraria.
1387 2093 1425 2125 In
