<?xml version="1.0" encoding="UTF-8"?>
<!DOCTYPE html PUBLIC "-//W3C//DTD XHTML 1.0 Transitional//EN"
    "http://www.w3.org/TR/xhtml1/DTD/xhtml1-transitional.dtd">
<html xmlns="http://www.w3.org/1999/xhtml" xml:lang="en" lang="en">
 <head>
  <title>
</title>
<meta http-equiv="Content-Type" content="text/html;charset=utf-8" />
  <meta name='ocr-system' content='tesseract 3.04.00' />
  <meta name='ocr-capabilities' content='ocr_page ocr_carea ocr_par ocr_line ocrx_word'/>
</head>
<body>
  <div class='ocr_page' id='page_1' title='image "annalesacademiae00acad_0222.png"; bbox 0 0 1747 2620; ppageno 0'>
   <div class='ocr_carea' id='block_1_1' title="bbox 287 257 1618 2077">
    <p class='ocr_par' dir='ltr' id='par_1_1' title="bbox 289 257 1614 577">
     <span class='ocr_line' id='line_1_1' title="bbox 898 257 1009 299; baseline -0.027 0"><span class='ocrx_word' id='word_1_1' title='bbox 898 258 908 299; x_wconf 90' lang='lat'>(</span> <span class='ocrx_word' id='word_1_2' title='bbox 932 257 971 296; x_wconf 71' lang='grc'>34</span> <span class='ocrx_word' id='word_1_3' title='bbox 998 257 1009 297; x_wconf 86' lang='grc'>)</span> 
     </span>
     <span class='ocr_line' id='line_1_2' title="bbox 291 328 1613 375; baseline -0.002 -13"><span class='ocrx_word' id='word_1_4' title='bbox 291 330 485 375; x_wconf 85' lang='lat' dir='ltr'>projiciendo</span> <span class='ocrx_word' id='word_1_5' title='bbox 508 331 661 361; x_wconf 84' lang='lat' dir='ltr'>destinata</span> <span class='ocrx_word' id='word_1_6' title='bbox 685 337 749 370; x_wconf 78' lang='lat' dir='ltr'>est3</span> <span class='ocrx_word' id='word_1_7' title='bbox 777 329 928 373; x_wconf 80' lang='lat' dir='ltr'>projectio</span> <span class='ocrx_word' id='word_1_8' title='bbox 948 329 1015 360; x_wconf 82' lang='lat' dir='ltr'>haec</span> <span class='ocrx_word' id='word_1_9' title='bbox 1036 330 1070 359; x_wconf 91' lang='lat' dir='ltr'>fit</span> <span class='ocrx_word' id='word_1_10' title='bbox 1089 329 1189 360; x_wconf 77' lang='lat' dir='ltr'>cordis</span> <span class='ocrx_word' id='word_1_11' title='bbox 1215 328 1499 360; x_wconf 85' lang='lat' dir='ltr'>contractionibus:</span> <span class='ocrx_word' id='word_1_12' title='bbox 1520 340 1613 372; x_wconf 82' lang='lat' dir='ltr'>orga—</span> 
     </span>
     <span class='ocr_line' id='line_1_3' title="bbox 290 383 1614 427; baseline 0 -12"><span class='ocrx_word' id='word_1_13' title='bbox 290 396 368 415; x_wconf 89' lang='lat' dir='ltr'>num</span> <span class='ocrx_word' id='word_1_14' title='bbox 394 385 479 415; x_wconf 87' lang='lat' dir='ltr'>enim</span> <span class='ocrx_word' id='word_1_15' title='bbox 495 385 575 415; x_wconf 88' lang='lat' dir='ltr'>illud</span> <span class='ocrx_word' id='word_1_16' title='bbox 595 391 695 426; x_wconf 85' lang='lat' dir='ltr'>potest</span> <span class='ocrx_word' id='word_1_17' title='bbox 711 384 780 427; x_wconf 84' lang='lat' dir='ltr'>jure</span> <span class='ocrx_word' id='word_1_18' title='bbox 799 385 909 415; x_wconf 87' lang='lat' dir='ltr'>merito</span> <span class='ocrx_word' id='word_1_19' title='bbox 929 383 1092 414; x_wconf 85' lang='lat' dir='ltr'>musculus</span> <span class='ocrx_word' id='word_1_20' title='bbox 1111 394 1206 414; x_wconf 85' lang='lat' dir='ltr'>cavus</span> <span class='ocrx_word' id='word_1_21' title='bbox 1222 383 1410 414; x_wconf 85' lang='lat' dir='ltr'>fortissimus</span> <span class='ocrx_word' id='word_1_22' title='bbox 1426 383 1505 423; x_wconf 89' lang='lat' dir='ltr'>dici,</span> <span class='ocrx_word' id='word_1_23' title='bbox 1521 383 1614 427; x_wconf 86' lang='lat' dir='ltr'>cujus</span> 
     </span>
     <span class='ocr_line' id='line_1_4' title="bbox 290 435 1614 481; baseline -0.002 -12"><span class='ocrx_word' id='word_1_24' title='bbox 290 438 374 469; x_wconf 76' lang='lat' dir='ltr'>fibrae</span> <span class='ocrx_word' id='word_1_25' title='bbox 396 440 551 481; x_wconf 74' lang='lat' dir='ltr'>sanguine</span> <span class='ocrx_word' id='word_1_26' title='bbox 573 438 714 469; x_wconf 85' lang='lat' dir='ltr'>assluenti</span> <span class='ocrx_word' id='word_1_27' title='bbox 735 437 903 468; x_wconf 68' lang='lat' dir='ltr'>stimulatae</span> <span class='ocrx_word' id='word_1_28' title='bbox 925 437 1045 467; x_wconf 75' lang='lat' dir='ltr'>alterne</span> <span class='ocrx_word' id='word_1_29' title='bbox 1068 436 1118 467; x_wconf 85' lang='lat' dir='ltr'>vel</span> <span class='ocrx_word' id='word_1_30' title='bbox 1139 435 1373 467; x_wconf 85' lang='lat' dir='ltr'>contrahuntur</span> <span class='ocrx_word' id='word_1_31' title='bbox 1394 436 1445 467; x_wconf 83' lang='lat' dir='ltr'>vel</span> <span class='ocrx_word' id='word_1_32' title='bbox 1466 436 1614 467; x_wconf 80' lang='lat' dir='ltr'>relaxan-</span> 
     </span>
     <span class='ocr_line' id='line_1_5' title="bbox 289 489 1614 534; baseline -0.001 -12"><span class='ocrx_word' id='word_1_33' title='bbox 289 498 356 531; x_wconf 65' lang='lat' dir='ltr'>tur,</span> <span class='ocrx_word' id='word_1_34' title='bbox 381 503 451 534; x_wconf 83' lang='lat' dir='ltr'>quae</span> <span class='ocrx_word' id='word_1_35' title='bbox 473 491 545 522; x_wconf 85' lang='lat' dir='ltr'>bina</span> <span class='ocrx_word' id='word_1_36' title='bbox 569 496 726 521; x_wconf 87' lang='lat' dir='ltr'>momenta</span> <span class='ocrx_word' id='word_1_37' title='bbox 753 489 965 520; x_wconf 78' lang='lat' dir='ltr'>cii-culationis</span> <span class='ocrx_word' id='word_1_38' title='bbox 987 491 1116 520; x_wconf 84' lang='lat' dir='ltr'>nomine</span> <span class='ocrx_word' id='word_1_39' title='bbox 1137 489 1265 531; x_wconf 75' lang='lat' dir='ltr'>systoles</span> <span class='ocrx_word' id='word_1_40' title='bbox 1284 496 1380 532; x_wconf 88' lang='lat' dir='ltr'>atque</span> <span class='ocrx_word' id='word_1_41' title='bbox 1401 490 1545 521; x_wconf 77' lang='lat' dir='ltr'>diastoles</span> <span class='ocrx_word' id='word_1_42' title='bbox 1563 502 1614 521; x_wconf 87' lang='lat' dir='ltr'>sa—</span> 
     </span>
     <span class='ocr_line' id='line_1_6' title="bbox 289 546 444 577; baseline 0 -2"><span class='ocrx_word' id='word_1_43' title='bbox 289 546 444 577; x_wconf 84' lang='lat' dir='ltr'>lutantur.</span> 
     </span>
    </p>

    <p class='ocr_par' dir='ltr' id='par_1_2' title="bbox 287 595 1618 2077">
     <span class='ocr_line' id='line_1_7' title="bbox 332 595 1614 639; baseline -0.001 -11"><span class='ocrx_word' id='word_1_44' title='bbox 332 598 378 628; x_wconf 81' lang='lat' dir='ltr'>Ut</span> <span class='ocrx_word' id='word_1_45' title='bbox 398 597 611 628; x_wconf 85' lang='lat' dir='ltr'>circulationis</span> <span class='ocrx_word' id='word_1_46' title='bbox 634 596 868 627; x_wconf 84' lang='lat' dir='ltr'>mechanismus</span> <span class='ocrx_word' id='word_1_47' title='bbox 889 601 974 625; x_wconf 92' lang='lat' dir='ltr'>recte</span> <span class='ocrx_word' id='word_1_48' title='bbox 995 595 1110 637; x_wconf 82' lang='lat' dir='ltr'>exponi</span> <span class='ocrx_word' id='word_1_49' title='bbox 1135 596 1231 637; x_wconf 81' lang='lat' dir='ltr'><strong>possit</strong></span> <span class='ocrx_word' id='word_1_50' title='bbox 1250 596 1437 638; x_wconf 83' lang='lat' dir='ltr'>sanguinem</span> <span class='ocrx_word' id='word_1_51' title='bbox 1457 597 1614 639; x_wconf 81' lang='lat' dir='ltr'>fingemus</span> 
     </span>
     <span class='ocr_line' id='line_1_8' title="bbox 288 647 1613 694; baseline -0.002 -12"><span class='ocrx_word' id='word_1_52' title='bbox 288 652 321 682; x_wconf 92' lang='lat' dir='ltr'>in</span> <span class='ocrx_word' id='word_1_53' title='bbox 344 657 511 694; x_wconf 78' lang='lat' dir='ltr'>systemate</span> <span class='ocrx_word' id='word_1_54' title='bbox 536 650 677 692; x_wconf 86' lang='lat' dir='ltr'>capillari</span> <span class='ocrx_word' id='word_1_55' title='bbox 697 648 837 691; x_wconf 82' lang='lat' dir='ltr'>generali</span> <span class='ocrx_word' id='word_1_56' title='bbox 861 647 899 678; x_wconf 84' lang='lat' dir='ltr'>ab</span> <span class='ocrx_word' id='word_1_57' title='bbox 920 649 1068 678; x_wconf 84' lang='lat' dir='ltr'>arterioso</span> <span class='ocrx_word' id='word_1_58' title='bbox 1089 649 1122 679; x_wconf 89' lang='lat' dir='ltr'>in</span> <span class='ocrx_word' id='word_1_59' title='bbox 1142 660 1295 680; x_wconf 86' lang='lat' dir='ltr'>venosum</span> <span class='ocrx_word' id='word_1_60' title='bbox 1318 655 1476 680; x_wconf 86' lang='lat' dir='ltr'>mutatum</span> <span class='ocrx_word' id='word_1_61' title='bbox 1495 650 1592 681; x_wconf 88' lang='lat' dir='ltr'>fuisse</span> <span class='ocrx_word' id='word_1_62' title='bbox 1605 674 1613 688; x_wconf 88' lang='lat'>,</span> 
     </span>
     <span class='ocr_line' id='line_1_9' title="bbox 288 702 1615 747; baseline -0.002 -12"><span class='ocrx_word' id='word_1_63' title='bbox 288 704 350 747; x_wconf 66' lang='lat' dir='ltr'>qua</span> <span class='ocrx_word' id='word_1_64' title='bbox 377 705 554 736; x_wconf 80' lang='lat' dir='ltr'>mutatione</span> <span class='ocrx_word' id='word_1_65' title='bbox 583 703 686 742; x_wconf 71' lang='lat' dir='ltr'>sacta,</span> <span class='ocrx_word' id='word_1_66' title='bbox 725 702 851 744; x_wconf 79' lang='lat' dir='ltr'>sanguis</span> <span class='ocrx_word' id='word_1_67' title='bbox 880 702 976 744; x_wconf 83' lang='lat' dir='ltr'>partis</span> <span class='ocrx_word' id='word_1_68' title='bbox 1003 702 1173 743; x_wconf 85' lang='lat' dir='ltr'>superioris</span> <span class='ocrx_word' id='word_1_69' title='bbox 1205 703 1390 733; x_wconf 75' lang='lat' dir='ltr'>oeconomiae</span> <span class='ocrx_word' id='word_1_70' title='bbox 1414 714 1472 744; x_wconf 83' lang='lat' dir='ltr'>per</span> <span class='ocrx_word' id='word_1_71' title='bbox 1501 714 1615 735; x_wconf 81' lang='lat' dir='ltr'>venam</span> 
     </span>
     <span class='ocr_line' id='line_1_10' title="bbox 289 754 1615 800; baseline -0.001 -12"><span class='ocrx_word' id='word_1_72' title='bbox 289 769 398 790; x_wconf 87' lang='lat' dir='ltr'>cavam</span> <span class='ocrx_word' id='word_1_73' title='bbox 419 758 632 800; x_wconf 81' lang='lat' dir='ltr'>superiorem,</span> <span class='ocrx_word' id='word_1_74' title='bbox 649 756 703 787; x_wconf 90' lang='lat' dir='ltr'>ille</span> <span class='ocrx_word' id='word_1_75' title='bbox 718 767 792 787; x_wconf 75' lang='lat' dir='ltr'>vero</span> <span class='ocrx_word' id='word_1_76' title='bbox 808 754 905 797; x_wconf 66' lang='lat' dir='ltr'>partis</span> <span class='ocrx_word' id='word_1_77' title='bbox 923 754 1081 785; x_wconf 88' lang='lat' dir='ltr'>inferioris</span> <span class='ocrx_word' id='word_1_78' title='bbox 1100 765 1157 796; x_wconf 89' lang='lat' dir='ltr'>per</span> <span class='ocrx_word' id='word_1_79' title='bbox 1174 765 1287 786; x_wconf 89' lang='lat' dir='ltr'>venam</span> <span class='ocrx_word' id='word_1_80' title='bbox 1305 766 1414 787; x_wconf 84' lang='lat' dir='ltr'>cavam</span> <span class='ocrx_word' id='word_1_81' title='bbox 1429 756 1615 787; x_wconf 88' lang='lat' dir='ltr'>inferiorem</span> 
     </span>
     <span class='ocr_line' id='line_1_11' title="bbox 288 807 1615 848; baseline -0.001 -7"><span class='ocrx_word' id='word_1_82' title='bbox 288 810 322 841; x_wconf 89' lang='lat' dir='ltr'>in</span> <span class='ocrx_word' id='word_1_83' title='bbox 344 810 445 841; x_wconf 87' lang='lat' dir='ltr'>cordis</span> <span class='ocrx_word' id='word_1_84' title='bbox 472 809 649 840; x_wconf 81' lang='lat' dir='ltr'>auriculam</span> <span class='ocrx_word' id='word_1_85' title='bbox 674 808 818 839; x_wconf 76' lang='lat' dir='ltr'>dextram</span> <span class='ocrx_word' id='word_1_86' title='bbox 844 807 967 847; x_wconf 86' lang='lat' dir='ltr'>fertur,</span> <span class='ocrx_word' id='word_1_87' title='bbox 999 808 1206 839; x_wconf 83' lang='lat' dir='ltr'>contrahente</span> <span class='ocrx_word' id='word_1_88' title='bbox 1229 819 1295 839; x_wconf 87' lang='lat' dir='ltr'>sese</span> <span class='ocrx_word' id='word_1_89' title='bbox 1324 808 1468 840; x_wconf 69' lang='lat' dir='ltr'>auricula</span> <span class='ocrx_word' id='word_1_90' title='bbox 1497 809 1615 848; x_wconf 69' lang='lat' dir='ltr'>hacce,</span> 
     </span>
     <span class='ocr_line' id='line_1_12' title="bbox 287 861 1614 906; baseline -0.002 -11"><span class='ocrx_word' id='word_1_91' title='bbox 287 875 346 906; x_wconf 88' lang='lat' dir='ltr'>per</span> <span class='ocrx_word' id='word_1_92' title='bbox 360 864 487 894; x_wconf 89' lang='lat' dir='ltr'>unicam</span> <span class='ocrx_word' id='word_1_93' title='bbox 504 862 561 893; x_wconf 87' lang='lat' dir='ltr'>sibi</span> <span class='ocrx_word' id='word_1_94' title='bbox 579 873 756 892; x_wconf 85' lang='lat' dir='ltr'>concessam</span> <span class='ocrx_word' id='word_1_95' title='bbox 770 862 853 891; x_wconf 89' lang='lat' dir='ltr'>viam</span> <span class='ocrx_word' id='word_1_96' title='bbox 871 866 1053 903; x_wconf 84' lang='lat' dir='ltr'>aperturam</span> <span class='ocrx_word' id='word_1_97' title='bbox 1068 861 1187 892; x_wconf 86' lang='lat' dir='ltr'>scilicet</span> <span class='ocrx_word' id='word_1_98' title='bbox 1204 861 1614 895; x_wconf 85' lang='lat' dir='ltr'>auriculo-ventricularem</span> 
     </span>
     <span class='ocr_line' id='line_1_13' title="bbox 288 914 1615 958; baseline -0.002 -10"><span class='ocrx_word' id='word_1_99' title='bbox 288 919 321 948; x_wconf 90' lang='lat' dir='ltr'>in</span> <span class='ocrx_word' id='word_1_100' title='bbox 335 916 550 949; x_wconf 83' lang='lat' dir='ltr'>ventriculum</span> <span class='ocrx_word' id='word_1_101' title='bbox 562 915 710 946; x_wconf 75' lang='lat' dir='ltr'>dextrum</span> <span class='ocrx_word' id='word_1_102' title='bbox 726 915 807 954; x_wconf 86' lang='lat' dir='ltr'>ruit,</span> <span class='ocrx_word' id='word_1_103' title='bbox 819 914 872 944; x_wconf 88' lang='lat' dir='ltr'>hic</span> <span class='ocrx_word' id='word_1_104' title='bbox 887 914 971 945; x_wconf 90' lang='lat' dir='ltr'>solus</span> <span class='ocrx_word' id='word_1_105' title='bbox 982 914 1075 946; x_wconf 88' lang='lat' dir='ltr'>datur</span> <span class='ocrx_word' id='word_1_106' title='bbox 1089 916 1237 958; x_wconf 84' lang='lat' dir='ltr'>sanguini</span> <span class='ocrx_word' id='word_1_107' title='bbox 1252 916 1372 955; x_wconf 78' lang='lat' dir='ltr'>exitus,</span> <span class='ocrx_word' id='word_1_108' title='bbox 1384 927 1485 958; x_wconf 76' lang='lat' dir='ltr'>quum</span> <span class='ocrx_word' id='word_1_109' title='bbox 1498 916 1615 947; x_wconf 82' lang='lat' dir='ltr'>orificia</span> 
     </span>
     <span class='ocr_line' id='line_1_14' title="bbox 289 966 1617 1010; baseline 0 -10"><span class='ocrx_word' id='word_1_110' title='bbox 289 981 442 1001; x_wconf 86' lang='lat' dir='ltr'>venarum</span> <span class='ocrx_word' id='word_1_111' title='bbox 468 980 617 1000; x_wconf 78' lang='lat' dir='ltr'>cavarum</span> <span class='ocrx_word' id='word_1_112' title='bbox 637 978 693 1010; x_wconf 88' lang='lat' dir='ltr'>per</span> <span class='ocrx_word' id='word_1_113' title='bbox 711 968 810 1010; x_wconf 82' lang='lat' dir='ltr'>ipsam</span> <span class='ocrx_word' id='word_1_114' title='bbox 834 966 935 998; x_wconf 82' lang='lat' dir='ltr'>cordis</span> <span class='ocrx_word' id='word_1_115' title='bbox 954 968 1203 998; x_wconf 87' lang='lat' dir='ltr'>contractionem</span> <span class='ocrx_word' id='word_1_116' title='bbox 1221 973 1254 999; x_wconf 88' lang='lat' dir='ltr'>et</span> <span class='ocrx_word' id='word_1_117' title='bbox 1273 979 1330 1010; x_wconf 88' lang='lat' dir='ltr'>per</span> <span class='ocrx_word' id='word_1_118' title='bbox 1350 969 1510 1001; x_wconf 80' lang='lat' dir='ltr'>valvulam</span> <span class='ocrx_word' id='word_1_119' title='bbox 1533 969 1617 1000; x_wconf 90' lang='lat' dir='ltr'>Eus-</span> 
     </span>
     <span class='ocr_line' id='line_1_15' title="bbox 289 1021 1616 1064; baseline -0.001 -11"><span class='ocrx_word' id='word_1_120' title='bbox 289 1023 373 1053; x_wconf 83' lang='lat' dir='ltr'>tachi</span> <span class='ocrx_word' id='word_1_121' title='bbox 395 1022 622 1061; x_wconf 68' lang='lat' dir='ltr'>occludantur,</span> <span class='ocrx_word' id='word_1_122' title='bbox 643 1021 702 1052; x_wconf 90' lang='lat' dir='ltr'>sub</span> <span class='ocrx_word' id='word_1_123' title='bbox 719 1021 934 1060; x_wconf 85' lang='lat' dir='ltr'>contractione</span> <span class='ocrx_word' id='word_1_124' title='bbox 953 1021 1124 1052; x_wconf 87' lang='lat' dir='ltr'>ventriculi</span> <span class='ocrx_word' id='word_1_125' title='bbox 1144 1021 1248 1052; x_wconf 84' lang='lat' dir='ltr'>dextri</span> <span class='ocrx_word' id='word_1_126' title='bbox 1265 1021 1390 1053; x_wconf 90' lang='lat' dir='ltr'>valvula</span> <span class='ocrx_word' id='word_1_127' title='bbox 1411 1021 1616 1064; x_wconf 86' lang='lat' dir='ltr'>tricuspidata</span> 
     </span>
     <span class='ocr_line' id='line_1_16' title="bbox 289 1073 1617 1117; baseline -0.001 -10"><span class='ocrx_word' id='word_1_128' title='bbox 289 1076 428 1107; x_wconf 87' lang='lat' dir='ltr'>occludit</span> <span class='ocrx_word' id='word_1_129' title='bbox 452 1076 596 1106; x_wconf 87' lang='lat' dir='ltr'>foramen</span> <span class='ocrx_word' id='word_1_130' title='bbox 617 1073 1009 1113; x_wconf 83' lang='lat' dir='ltr'>auriculo—ventriculare,</span> <span class='ocrx_word' id='word_1_131' title='bbox 1031 1080 1063 1104; x_wconf 87' lang='lat' dir='ltr'>et</span> <span class='ocrx_word' id='word_1_132' title='bbox 1083 1075 1211 1117; x_wconf 86' lang='lat' dir='ltr'>sanguis</span> <span class='ocrx_word' id='word_1_133' title='bbox 1234 1074 1334 1117; x_wconf 84' lang='lat' dir='ltr'>igitur</span> <span class='ocrx_word' id='word_1_134' title='bbox 1356 1085 1414 1117; x_wconf 87' lang='lat' dir='ltr'>per</span> <span class='ocrx_word' id='word_1_135' title='bbox 1435 1074 1532 1105; x_wconf 86' lang='lat' dir='ltr'>solam</span> <span class='ocrx_word' id='word_1_136' title='bbox 1558 1074 1617 1106; x_wconf 87' lang='lat' dir='ltr'>sibi</span> 
     </span>
     <span class='ocr_line' id='line_1_17' title="bbox 289 1126 1616 1171; baseline -0.001 -11"><span class='ocrx_word' id='word_1_137' title='bbox 289 1129 432 1160; x_wconf 87' lang='lat' dir='ltr'>relictam</span> <span class='ocrx_word' id='word_1_138' title='bbox 462 1128 609 1159; x_wconf 83' lang='lat' dir='ltr'>arteriam</span> <span class='ocrx_word' id='word_1_139' title='bbox 635 1127 851 1170; x_wconf 86' lang='lat' dir='ltr'>pulmonalem</span> <span class='ocrx_word' id='word_1_140' title='bbox 873 1128 907 1157; x_wconf 89' lang='lat' dir='ltr'>in</span> <span class='ocrx_word' id='word_1_141' title='bbox 932 1127 1100 1169; x_wconf 87' lang='lat' dir='ltr'>pulmones</span> <span class='ocrx_word' id='word_1_142' title='bbox 1124 1126 1310 1171; x_wconf 83' lang='lat' dir='ltr'>projicitur,</span> <span class='ocrx_word' id='word_1_143' title='bbox 1337 1128 1370 1158; x_wconf 90' lang='lat' dir='ltr'>in</span> <span class='ocrx_word' id='word_1_144' title='bbox 1391 1127 1439 1158; x_wconf 86' lang='lat' dir='ltr'>his</span> <span class='ocrx_word' id='word_1_145' title='bbox 1459 1128 1616 1159; x_wconf 88' lang='lat' dir='ltr'>minorem</span> 
     </span>
     <span class='ocr_line' id='line_1_18' title="bbox 289 1180 1618 1224; baseline -0.001 -11"><span class='ocrx_word' id='word_1_146' title='bbox 289 1184 333 1213; x_wconf 89' lang='lat' dir='ltr'>sic</span> <span class='ocrx_word' id='word_1_147' title='bbox 349 1182 465 1213; x_wconf 73' lang='lat' dir='ltr'>dictam</span> <span class='ocrx_word' id='word_1_148' title='bbox 486 1181 724 1212; x_wconf 78' lang='lat' dir='ltr'>circulationem</span> <span class='ocrx_word' id='word_1_149' title='bbox 746 1181 885 1223; x_wconf 80' lang='lat' dir='ltr'>peragit,</span> <span class='ocrx_word' id='word_1_150' title='bbox 907 1180 965 1211; x_wconf 85' lang='lat' dir='ltr'>sub</span> <span class='ocrx_word' id='word_1_151' title='bbox 984 1180 1047 1223; x_wconf 71' lang='lat' dir='ltr'>qua</span> <span class='ocrx_word' id='word_1_152' title='bbox 1068 1181 1102 1211; x_wconf 90' lang='lat' dir='ltr'>in</span> <span class='ocrx_word' id='word_1_153' title='bbox 1119 1180 1310 1223; x_wconf 87' lang='lat' dir='ltr'>pulmonum</span> <span class='ocrx_word' id='word_1_154' title='bbox 1329 1187 1497 1224; x_wconf 81' lang='lat' dir='ltr'>systemate</span> <span class='ocrx_word' id='word_1_155' title='bbox 1516 1181 1618 1224; x_wconf 84' lang='lat' dir='ltr'>capil—</span> 
     </span>
     <span class='ocr_line' id='line_1_19' title="bbox 290 1234 1617 1277; baseline 0 -11"><span class='ocrx_word' id='word_1_156' title='bbox 290 1236 347 1266; x_wconf 87' lang='lat' dir='ltr'>lari</span> <span class='ocrx_word' id='word_1_157' title='bbox 373 1235 540 1266; x_wconf 86' lang='lat' dir='ltr'>arteriosus</span> <span class='ocrx_word' id='word_1_158' title='bbox 566 1235 618 1264; x_wconf 86' lang='lat' dir='ltr'>fit:</span> <span class='ocrx_word' id='word_1_159' title='bbox 650 1245 720 1274; x_wconf 86' lang='lat' dir='ltr'>quae</span> <span class='ocrx_word' id='word_1_160' title='bbox 745 1235 850 1264; x_wconf 90' lang='lat' dir='ltr'>omnia</span> <span class='ocrx_word' id='word_1_161' title='bbox 875 1240 1040 1276; x_wconf 81' lang='lat' dir='ltr'>postquam</span> <span class='ocrx_word' id='word_1_162' title='bbox 1067 1240 1193 1276; x_wconf 86' lang='lat' dir='ltr'>peracta</span> <span class='ocrx_word' id='word_1_163' title='bbox 1221 1235 1344 1266; x_wconf 87' lang='lat' dir='ltr'>fuerint</span> <span class='ocrx_word' id='word_1_164' title='bbox 1366 1234 1384 1266; x_wconf 79' lang='lat' dir='ltr'>e</span> <span class='ocrx_word' id='word_1_165' title='bbox 1412 1234 1617 1277; x_wconf 86' lang='lat' dir='ltr'>pulmonibus</span> 
     </span>
     <span class='ocr_line' id='line_1_20' title="bbox 288 1286 1618 1331; baseline 0 -12"><span class='ocrx_word' id='word_1_166' title='bbox 288 1300 347 1331; x_wconf 88' lang='lat' dir='ltr'>per</span> <span class='ocrx_word' id='word_1_167' title='bbox 369 1299 463 1319; x_wconf 84' lang='lat' dir='ltr'>venas</span> <span class='ocrx_word' id='word_1_168' title='bbox 484 1287 682 1329; x_wconf 87' lang='lat' dir='ltr'>pulmonales</span> <span class='ocrx_word' id='word_1_169' title='bbox 705 1288 738 1317; x_wconf 88' lang='lat' dir='ltr'>in</span> <span class='ocrx_word' id='word_1_170' title='bbox 759 1286 936 1317; x_wconf 81' lang='lat' dir='ltr'>auriculam</span> <span class='ocrx_word' id='word_1_171' title='bbox 958 1286 1059 1317; x_wconf 80' lang='lat' dir='ltr'>cordis</span> <span class='ocrx_word' id='word_1_172' title='bbox 1077 1287 1236 1318; x_wconf 87' lang='lat' dir='ltr'>sinistram</span> <span class='ocrx_word' id='word_1_173' title='bbox 1257 1287 1432 1327; x_wconf 83' lang='lat' dir='ltr'>delabitur,</span> <span class='ocrx_word' id='word_1_174' title='bbox 1453 1288 1536 1319; x_wconf 87' lang='lat' dir='ltr'>hanc</span> <span class='ocrx_word' id='word_1_175' title='bbox 1559 1289 1618 1319; x_wconf 89' lang='lat' dir='ltr'>sti-</span> 
     </span>
     <span class='ocr_line' id='line_1_21' title="bbox 289 1340 1618 1383; baseline 0.001 -12"><span class='ocrx_word' id='word_1_176' title='bbox 289 1341 407 1380; x_wconf 82' lang='lat' dir='ltr'>mulat,</span> <span class='ocrx_word' id='word_1_177' title='bbox 429 1341 481 1371; x_wconf 86' lang='lat' dir='ltr'>illa</span> <span class='ocrx_word' id='word_1_178' title='bbox 499 1351 564 1371; x_wconf 89' lang='lat' dir='ltr'>sese</span> <span class='ocrx_word' id='word_1_179' title='bbox 585 1340 744 1371; x_wconf 85' lang='lat' dir='ltr'>contrahit</span> <span class='ocrx_word' id='word_1_180' title='bbox 761 1346 792 1371; x_wconf 88' lang='lat' dir='ltr'>et</span> <span class='ocrx_word' id='word_1_181' title='bbox 813 1340 948 1371; x_wconf 82' lang='lat' dir='ltr'>maxima</span> <span class='ocrx_word' id='word_1_182' title='bbox 970 1341 1132 1383; x_wconf 84' lang='lat' dir='ltr'>sanguinis</span> <span class='ocrx_word' id='word_1_183' title='bbox 1148 1353 1222 1383; x_wconf 81' lang='lat' dir='ltr'>pars</span> <span class='ocrx_word' id='word_1_184' title='bbox 1236 1341 1270 1372; x_wconf 92' lang='lat' dir='ltr'>in</span> <span class='ocrx_word' id='word_1_185' title='bbox 1287 1341 1503 1374; x_wconf 89' lang='lat' dir='ltr'>ventriculum</span> <span class='ocrx_word' id='word_1_186' title='bbox 1524 1342 1618 1372; x_wconf 87' lang='lat' dir='ltr'>sinis·-</span> 
     </span>
     <span class='ocr_line' id='line_1_22' title="bbox 290 1393 1616 1439; baseline -0.001 -14"><span class='ocrx_word' id='word_1_187' title='bbox 290 1400 376 1425; x_wconf 86' lang='lat' dir='ltr'>trum</span> <span class='ocrx_word' id='word_1_188' title='bbox 400 1406 456 1437; x_wconf 90' lang='lat' dir='ltr'>per</span> <span class='ocrx_word' id='word_1_189' title='bbox 477 1400 659 1437; x_wconf 86' lang='lat' dir='ltr'>aperturam</span> <span class='ocrx_word' id='word_1_190' title='bbox 680 1394 1090 1439; x_wconf 71' lang='lat' dir='ltr'>amiculo-ventricularem</span> <span class='ocrx_word' id='word_1_191' title='bbox 1111 1394 1254 1438; x_wconf 86' lang='lat' dir='ltr'>ejusdem</span> <span class='ocrx_word' id='word_1_192' title='bbox 1278 1394 1384 1425; x_wconf 84' lang='lat' dir='ltr'>lateris</span> <span class='ocrx_word' id='word_1_193' title='bbox 1408 1393 1616 1436; x_wconf 88' lang='lat' dir='ltr'>propellitur,</span> 
     </span>
     <span class='ocr_line' id='line_1_23' title="bbox 290 1445 1618 1490; baseline -0.001 -12"><span class='ocrx_word' id='word_1_194' title='bbox 290 1448 343 1479; x_wconf 89' lang='lat' dir='ltr'>ille</span> <span class='ocrx_word' id='word_1_195' title='bbox 365 1448 563 1479; x_wconf 86' lang='lat' dir='ltr'>ventriculus</span> <span class='ocrx_word' id='word_1_196' title='bbox 587 1449 645 1479; x_wconf 70' lang='lat' dir='ltr'>sua</span> <span class='ocrx_word' id='word_1_197' title='bbox 670 1449 739 1479; x_wconf 89' lang='lat' dir='ltr'>vice</span> <span class='ocrx_word' id='word_1_198' title='bbox 765 1453 944 1479; x_wconf 86' lang='lat' dir='ltr'>contractus</span> <span class='ocrx_word' id='word_1_199' title='bbox 969 1448 1158 1490; x_wconf 86' lang='lat' dir='ltr'>sanguinem</span> <span class='ocrx_word' id='word_1_200' title='bbox 1183 1458 1240 1490; x_wconf 89' lang='lat' dir='ltr'>per</span> <span class='ocrx_word' id='word_1_201' title='bbox 1264 1449 1384 1478; x_wconf 68' lang='lat' dir='ltr'>aortam</span> <span class='ocrx_word' id='word_1_202' title='bbox 1409 1447 1443 1477; x_wconf 92' lang='lat' dir='ltr'>in</span> <span class='ocrx_word' id='word_1_203' title='bbox 1470 1445 1618 1478; x_wconf 89' lang='lat' dir='ltr'>omnibus</span> 
     </span>
     <span class='ocr_line' id='line_1_24' title="bbox 290 1499 1618 1545; baseline -0.001 -14"><span class='ocrx_word' id='word_1_204' title='bbox 290 1502 427 1543; x_wconf 83' lang='lat' dir='ltr'>corporis</span> <span class='ocrx_word' id='word_1_205' title='bbox 456 1501 598 1542; x_wconf 87' lang='lat' dir='ltr'>partibus</span> <span class='ocrx_word' id='word_1_206' title='bbox 627 1500 762 1545; x_wconf 84' lang='lat' dir='ltr'>projicit.</span> <span class='ocrx_word' id='word_1_207' title='bbox 799 1501 951 1533; x_wconf 80' lang='lat' dir='ltr'>Ressuxus</span> <span class='ocrx_word' id='word_1_208' title='bbox 980 1513 997 1532; x_wconf 91' lang='lat' dir='ltr'>a</span> <span class='ocrx_word' id='word_1_209' title='bbox 1021 1500 1200 1533; x_wconf 88' lang='lat' dir='ltr'>ventriculo</span> <span class='ocrx_word' id='word_1_210' title='bbox 1227 1499 1352 1531; x_wconf 89' lang='lat' dir='ltr'>sinistro</span> <span class='ocrx_word' id='word_1_211' title='bbox 1376 1500 1412 1530; x_wconf 85' lang='lat' dir='ltr'>in</span> <span class='ocrx_word' id='word_1_212' title='bbox 1439 1499 1618 1531; x_wconf 85' lang='lat' dir='ltr'>auriculam</span> 
     </span>
     <span class='ocr_line' id='line_1_25' title="bbox 290 1552 1618 1597; baseline 0.001 -14"><span class='ocrx_word' id='word_1_213' title='bbox 290 1553 432 1597; x_wconf 77' lang='lat' dir='ltr'>ejusdem</span> <span class='ocrx_word' id='word_1_214' title='bbox 459 1554 564 1584; x_wconf 84' lang='lat' dir='ltr'>lateris</span> <span class='ocrx_word' id='word_1_215' title='bbox 588 1555 763 1597; x_wconf 81' lang='lat' dir='ltr'>impeditur</span> <span class='ocrx_word' id='word_1_216' title='bbox 789 1555 1024 1586; x_wconf 84' lang='lat' dir='ltr'>interveniente</span> <span class='ocrx_word' id='word_1_217' title='bbox 1049 1553 1176 1585; x_wconf 66' lang='lat' dir='ltr'>valvula</span> <span class='ocrx_word' id='word_1_218' title='bbox 1200 1552 1338 1592; x_wconf 86' lang='lat' dir='ltr'>mitrali,</span> <span class='ocrx_word' id='word_1_219' title='bbox 1374 1563 1481 1595; x_wconf 83' lang='lat' dir='ltr'>neque</span> <span class='ocrx_word' id='word_1_220' title='bbox 1515 1559 1618 1596; x_wconf 82' lang='lat' dir='ltr'>potest</span> 
     </span>
     <span class='ocr_line' id='line_1_26' title="bbox 291 1605 1618 1650; baseline 0 -13"><span class='ocrx_word' id='word_1_221' title='bbox 291 1608 436 1649; x_wconf 85' lang='lat' dir='ltr'>sanguis,</span> <span class='ocrx_word' id='word_1_222' title='bbox 462 1619 562 1650; x_wconf 87' lang='lat' dir='ltr'>quum</span> <span class='ocrx_word' id='word_1_223' title='bbox 583 1608 679 1639; x_wconf 89' lang='lat' dir='ltr'>semel</span> <span class='ocrx_word' id='word_1_224' title='bbox 700 1609 733 1638; x_wconf 88' lang='lat' dir='ltr'>in</span> <span class='ocrx_word' id='word_1_225' title='bbox 750 1611 868 1638; x_wconf 81' lang='lat' dir='ltr'>a&#39;ortam</span> <span class='ocrx_word' id='word_1_226' title='bbox 884 1608 1066 1650; x_wconf 85' lang='lat' dir='ltr'>pervenerit</span> <span class='ocrx_word' id='word_1_227' title='bbox 1087 1607 1205 1638; x_wconf 83' lang='lat' dir='ltr'>iterum</span> <span class='ocrx_word' id='word_1_228' title='bbox 1226 1607 1260 1637; x_wconf 87' lang='lat' dir='ltr'>in</span> <span class='ocrx_word' id='word_1_229' title='bbox 1281 1605 1375 1637; x_wconf 89' lang='lat' dir='ltr'>corde</span> <span class='ocrx_word' id='word_1_230' title='bbox 1396 1605 1525 1648; x_wconf 85' lang='lat' dir='ltr'>repelli,</span> <span class='ocrx_word' id='word_1_231' title='bbox 1548 1606 1618 1639; x_wconf 89' lang='lat' dir='ltr'>val-</span> 
     </span>
     <span class='ocr_line' id='line_1_27' title="bbox 291 1659 1617 1703; baseline -0.001 -12"><span class='ocrx_word' id='word_1_232' title='bbox 291 1659 373 1691; x_wconf 83' lang='lat' dir='ltr'>vulis</span> <span class='ocrx_word' id='word_1_233' title='bbox 386 1660 417 1691; x_wconf 91' lang='lat' dir='ltr'>id</span> <span class='ocrx_word' id='word_1_234' title='bbox 434 1660 624 1703; x_wconf 77' lang='lat' dir='ltr'>sygmoi&#39;deis</span> <span class='ocrx_word' id='word_1_235' title='bbox 642 1660 900 1703; x_wconf 85' lang='lat' dir='ltr'>impedientibus.</span> <span class='ocrx_word' id='word_1_236' title='bbox 922 1661 970 1691; x_wconf 85' lang='lat' dir='ltr'>Ex</span> <span class='ocrx_word' id='word_1_237' title='bbox 992 1660 1150 1703; x_wconf 83' lang='lat' dir='ltr'>praedictis</span> <span class='ocrx_word' id='word_1_238' title='bbox 1171 1665 1302 1702; x_wconf 86' lang='lat' dir='ltr'>apparet</span> <span class='ocrx_word' id='word_1_239' title='bbox 1315 1659 1404 1691; x_wconf 86' lang='lat' dir='ltr'>binas</span> <span class='ocrx_word' id='word_1_240' title='bbox 1421 1670 1531 1691; x_wconf 82' lang='lat' dir='ltr'>revera</span> <span class='ocrx_word' id='word_1_241' title='bbox 1551 1671 1617 1691; x_wconf 82' lang='lat' dir='ltr'>esse</span> 
     </span>
     <span class='ocr_line' id='line_1_28' title="bbox 292 1712 1617 1756; baseline 0 -13"><span class='ocrx_word' id='word_1_242' title='bbox 292 1713 503 1744; x_wconf 82' lang='lat' dir='ltr'>circulationls</span> <span class='ocrx_word' id='word_1_243' title='bbox 518 1715 651 1756; x_wconf 77' lang='lat' dir='ltr'>specieS,</span> <span class='ocrx_word' id='word_1_244' title='bbox 668 1714 848 1745; x_wconf 87' lang='lat' dir='ltr'>arteriosam</span> <span class='ocrx_word' id='word_1_245' title='bbox 866 1714 986 1745; x_wconf 88' lang='lat' dir='ltr'>scilicet</span> <span class='ocrx_word' id='word_1_246' title='bbox 1001 1720 1097 1756; x_wconf 85' lang='lat' dir='ltr'>atque</span> <span class='ocrx_word' id='word_1_247' title='bbox 1112 1725 1259 1746; x_wconf 89' lang='lat' dir='ltr'>venosam</span> <span class='ocrx_word' id='word_1_248' title='bbox 1269 1737 1277 1752; x_wconf 89' lang='lat'>,</span> <span class='ocrx_word' id='word_1_249' title='bbox 1292 1712 1517 1755; x_wconf 84' lang='lat' dir='ltr'>singulamque</span> <span class='ocrx_word' id='word_1_250' title='bbox 1532 1713 1617 1756; x_wconf 87' lang='lat' dir='ltr'>ipsa-</span> 
     </span>
     <span class='ocr_line' id='line_1_29' title="bbox 291 1765 1617 1810; baseline 0 -14"><span class='ocrx_word' id='word_1_251' title='bbox 291 1778 363 1797; x_wconf 89' lang='lat' dir='ltr'>rum</span> <span class='ocrx_word' id='word_1_252' title='bbox 386 1767 559 1797; x_wconf 76' lang='lat' dir='ltr'>terminum</span> <span class='ocrx_word' id='word_1_253' title='bbox 585 1778 679 1797; x_wconf 87' lang='lat' dir='ltr'>suum</span> <span class='ocrx_word' id='word_1_254' title='bbox 703 1767 737 1797; x_wconf 89' lang='lat' dir='ltr'>in</span> <span class='ocrx_word' id='word_1_255' title='bbox 761 1772 929 1809; x_wconf 76' lang='lat' dir='ltr'>systemate</span> <span class='ocrx_word' id='word_1_256' title='bbox 955 1766 1096 1808; x_wconf 88' lang='lat' dir='ltr'>capillari</span> <span class='ocrx_word' id='word_1_257' title='bbox 1122 1766 1262 1810; x_wconf 83' lang='lat' dir='ltr'>generali</span> <span class='ocrx_word' id='word_1_258' title='bbox 1288 1777 1327 1796; x_wconf 79' lang='lat' dir='ltr'>ex</span> <span class='ocrx_word' id='word_1_259' title='bbox 1354 1765 1418 1796; x_wconf 67' lang='lat' dir='ltr'>una</span> <span class='ocrx_word' id='word_1_260' title='bbox 1443 1772 1551 1808; x_wconf 84' lang='lat' dir='ltr'>parte,</span> <span class='ocrx_word' id='word_1_261' title='bbox 1582 1767 1617 1797; x_wconf 89' lang='lat' dir='ltr'>in</span> 
     </span>
     <span class='ocr_line' id='line_1_30' title="bbox 292 1818 1617 1862; baseline 0.001 -13"><span class='ocrx_word' id='word_1_262' title='bbox 292 1819 468 1861; x_wconf 82' lang='lat' dir='ltr'>pulmonali</span> <span class='ocrx_word' id='word_1_263' title='bbox 497 1831 536 1851; x_wconf 81' lang='lat' dir='ltr'>ex</span> <span class='ocrx_word' id='word_1_264' title='bbox 557 1819 654 1850; x_wconf 68' lang='lat' dir='ltr'>altera</span> <span class='ocrx_word' id='word_1_265' title='bbox 670 1820 826 1862; x_wconf 83' lang='lat' dir='ltr'>reperire,</span> <span class='ocrx_word' id='word_1_266' title='bbox 848 1826 880 1851; x_wconf 86' lang='lat' dir='ltr'>et</span> <span class='ocrx_word' id='word_1_267' title='bbox 897 1831 950 1851; x_wconf 90' lang='lat' dir='ltr'>cor</span> <span class='ocrx_word' id='word_1_268' title='bbox 970 1831 1124 1862; x_wconf 77' lang='lat' dir='ltr'>organum</span> <span class='ocrx_word' id='word_1_269' title='bbox 1145 1830 1211 1850; x_wconf 86' lang='lat' dir='ltr'>esse</span> <span class='ocrx_word' id='word_1_270' title='bbox 1228 1818 1455 1849; x_wconf 89' lang='lat' dir='ltr'>intermedium</span> <span class='ocrx_word' id='word_1_271' title='bbox 1476 1819 1617 1850; x_wconf 87' lang='lat' dir='ltr'>eentrale</span> 
     </span>
     <span class='ocr_line' id='line_1_31' title="bbox 292 1872 1616 1916; baseline 0 -13"><span class='ocrx_word' id='word_1_272' title='bbox 292 1873 393 1903; x_wconf 87' lang='lat' dir='ltr'>cuivis</span> <span class='ocrx_word' id='word_1_273' title='bbox 407 1874 547 1914; x_wconf 87' lang='lat' dir='ltr'>ipsarum</span> <span class='ocrx_word' id='word_1_274' title='bbox 563 1879 685 1904; x_wconf 85' lang='lat' dir='ltr'>motum</span> <span class='ocrx_word' id='word_1_275' title='bbox 710 1874 912 1916; x_wconf 81' lang='lat' dir='ltr'>imprimens;</span> <span class='ocrx_word' id='word_1_276' title='bbox 940 1873 1044 1904; x_wconf 88' lang='lat' dir='ltr'>nullas</span> <span class='ocrx_word' id='word_1_277' title='bbox 1064 1874 1150 1904; x_wconf 89' lang='lat' dir='ltr'>enim</span> <span class='ocrx_word' id='word_1_278' title='bbox 1173 1873 1320 1915; x_wconf 83' lang='lat' dir='ltr'>sanguini</span> <span class='ocrx_word' id='word_1_279' title='bbox 1340 1872 1399 1902; x_wconf 89' lang='lat' dir='ltr'>nisi</span> <span class='ocrx_word' id='word_1_280' title='bbox 1422 1877 1526 1903; x_wconf 75' lang='lat' dir='ltr'>motus</span> <span class='ocrx_word' id='word_1_281' title='bbox 1544 1883 1616 1903; x_wconf 68' lang='lat' dir='ltr'>mo—</span> 
     </span>
     <span class='ocr_line' id='line_1_32' title="bbox 294 1925 1616 1970; baseline 0 -14"><span class='ocrx_word' id='word_1_282' title='bbox 294 1926 485 1957; x_wconf 84' lang='lat' dir='ltr'>dificationes</span> <span class='ocrx_word' id='word_1_283' title='bbox 511 1927 682 1969; x_wconf 80' lang='lat' dir='ltr'>imprimit,</span> <span class='ocrx_word' id='word_1_284' title='bbox 705 1927 852 1970; x_wconf 86' lang='lat' dir='ltr'>nihilque</span> <span class='ocrx_word' id='word_1_285' title='bbox 876 1928 906 1959; x_wconf 87' lang='lat' dir='ltr'>ei</span> <span class='ocrx_word' id='word_1_286' title='bbox 926 1928 1010 1959; x_wconf 84' lang='lat' dir='ltr'>inter</span> <span class='ocrx_word' id='word_1_287' title='bbox 1024 1933 1161 1970; x_wconf 85' lang='lat' dir='ltr'>utraque</span> <span class='ocrx_word' id='word_1_288' title='bbox 1175 1931 1341 1969; x_wconf 85' lang='lat' dir='ltr'>systemata</span> <span class='ocrx_word' id='word_1_289' title='bbox 1359 1925 1519 1968; x_wconf 78' lang='lat' dir='ltr'>capillaria</span> <span class='ocrx_word' id='word_1_290' title='bbox 1534 1926 1616 1956; x_wconf 83' lang='lat' dir='ltr'>inest</span> 
     </span>
     <span class='ocr_line' id='line_1_33' title="bbox 293 1978 1616 2024; baseline -0.001 -14"><span class='ocrx_word' id='word_1_291' title='bbox 293 1991 356 2022; x_wconf 89' lang='lat' dir='ltr'>quo</span> <span class='ocrx_word' id='word_1_292' title='bbox 378 1980 600 2022; x_wconf 80' lang='lat' dir='ltr'>distinguatur.</span> <span class='ocrx_word' id='word_1_293' title='bbox 623 1981 659 2011; x_wconf 85' lang='lat' dir='ltr'>In</span> <span class='ocrx_word' id='word_1_294' title='bbox 680 1980 821 2023; x_wconf 83' lang='lat' dir='ltr'>generali</span> <span class='ocrx_word' id='word_1_295' title='bbox 844 1991 961 2023; x_wconf 85' lang='lat' dir='ltr'>nempe</span> <span class='ocrx_word' id='word_1_296' title='bbox 979 1981 1106 2024; x_wconf 84' lang='lat' dir='ltr'>sanguis</span> <span class='ocrx_word' id='word_1_297' title='bbox 1123 1981 1291 2011; x_wconf 85' lang='lat' dir='ltr'>arteriosus</span> <span class='ocrx_word' id='word_1_298' title='bbox 1309 1990 1419 2011; x_wconf 87' lang='lat' dir='ltr'>omnes</span> <span class='ocrx_word' id='word_1_299' title='bbox 1440 1990 1512 2010; x_wconf 88' lang='lat' dir='ltr'>suas</span> <span class='ocrx_word' id='word_1_300' title='bbox 1529 1978 1616 2010; x_wconf 83' lang='lat' dir='ltr'>dotes</span> 
     </span>
     <span class='ocr_line' id='line_1_34' title="bbox 293 2031 1616 2077; baseline -0.002 -12"><span class='ocrx_word' id='word_1_301' title='bbox 293 2033 402 2066; x_wconf 85' lang='lat' dir='ltr'>vitales</span> <span class='ocrx_word' id='word_1_302' title='bbox 422 2033 539 2065; x_wconf 87' lang='lat' dir='ltr'>amittit</span> <span class='ocrx_word' id='word_1_303' title='bbox 559 2039 590 2065; x_wconf 85' lang='lat' dir='ltr'>et</span> <span class='ocrx_word' id='word_1_304' title='bbox 612 2044 746 2066; x_wconf 87' lang='lat' dir='ltr'>venosus</span> <span class='ocrx_word' id='word_1_305' title='bbox 770 2035 822 2075; x_wconf 86' lang='lat' dir='ltr'>fit,</span> <span class='ocrx_word' id='word_1_306' title='bbox 849 2034 927 2067; x_wconf 88' lang='lat' dir='ltr'>dum</span> <span class='ocrx_word' id='word_1_307' title='bbox 949 2046 967 2067; x_wconf 87' lang='lat' dir='ltr'>e</span> <span class='ocrx_word' id='word_1_308' title='bbox 992 2041 1101 2066; x_wconf 83' lang='lat' dir='ltr'>contra</span> <span class='ocrx_word' id='word_1_309' title='bbox 1120 2034 1154 2065; x_wconf 85' lang='lat' dir='ltr'>in</span> <span class='ocrx_word' id='word_1_310' title='bbox 1173 2033 1351 2077; x_wconf 81' lang='lat' dir='ltr'>pulmonali</span> <span class='ocrx_word' id='word_1_311' title='bbox 1370 2037 1539 2076; x_wconf 84' lang='lat' dir='ltr'>recuperat</span> <span class='ocrx_word' id='word_1_312' title='bbox 1559 2031 1616 2064; x_wconf 86' lang='lat' dir='ltr'>has</span> 
     </span>
    </p>
   </div>
  </div>
 </body>
</html>
