1747 2620
915 265 926 306 (
953 266 992 295 ¹0
1015 265 1026 307 )

304 344 394 369 costae
414 339 576 370 inseritur.
606 339 646 370 Et
668 339 795 382 oblique
811 339 973 382 superiora
989 345 1021 370 et
1036 340 1190 370 exteriora
1207 350 1315 372 versus
1333 339 1486 381 directus,
1504 342 1629 374 circiter

303 393 403 424 tertiae
419 393 501 435 parti
520 399 658 424 externae
677 394 768 424 faciei
785 393 943 424 inferioris
960 392 1123 424 claviculae
1137 392 1291 435 infigitur.
1315 394 1389 424 Post
1404 394 1509 436 ipsum
1525 395 1630 426 mino-

302 458 368 477 rem
391 446 583 489 pectoralem
602 446 731 477 obvium
748 445 918 484 habemus,
940 456 995 487 per
1013 445 1144 476 alteram
1164 456 1253 476 suam
1272 447 1506 478 extremitatem
1528 449 1630 480 tertiae

302 506 334 531 et
345 506 466 542 quartae
479 506 510 530 et
521 500 641 541 quintae
655 498 750 540 vulgo
766 504 857 528 costae
868 508 1011 528 annexus
1020 521 1028 537 ,
1045 497 1129 529 fibris
1141 499 1422 542 conver-gentibus,
1439 500 1629 533 fasciculum

301 554 417 584 format
427 553 556 584 tendine
568 553 773 583 terminatum
786 557 818 582 et
829 551 982 594 apophysi
993 552 1183 583 eoracoideae
1194 553 1330 595 scapulae
1341 553 1433 596 alliga
1439 560 1520 585 tum:
1532 554 1628 586 facies

301 607 368 650 ejus
389 607 555 649 posterior,
572 607 679 644 costis,
695 605 910 648 musculisque
927 605 1180 637 intercostalibus
1192 605 1428 649 subjacentibus
1444 608 1627 650 respondet,

300 666 430 691 externa
462 672 535 691 vera
560 660 690 690 omnino
717 658 828 703 majori
857 659 1008 702 pectorali
1034 658 1217 691 obducitur.
1246 660 1306 691 Hic
1329 666 1438 692 autem
1458 661 1628 693 latissimus

299 721 360 753 est,
393 725 450 757 per
475 726 565 744 snam
591 714 823 744 extremitatem
851 714 1008 743 internam
1033 713 1148 743 mediae
1171 713 1255 755 parti
1282 713 1416 745 internae
1441 714 1627 754 claviculae,

299 774 418 806 sterno,
440 766 678 809 cartilaginibus
698 772 792 797 sextae
812 772 844 797 et
860 766 1001 808 septimae
1018 771 1110 797 costae
1125 765 1293 805 inseritur,
1315 766 1400 798 fibrae
1420 778 1529 799 omnes
1549 779 1628 799 con-

299 827 438 864 vergunt
454 822 487 851 in
505 821 730 851 crassissimum
747 819 954 859 fasciculum,
972 820 1027 862 qui
1044 818 1182 850 tendinis
1201 830 1261 861 ope
1279 819 1366 851 labro
1383 821 1533 852 anteriori
1548 821 1629 853 sulci

298 874 466 916 bicipitalis
484 874 611 904 humeri
629 874 849 913 connectitur,
866 874 962 904 facies
981 874 1079 915 ipsius
1097 873 1249 915 posterior
1263 879 1385 914 sterno,
1402 873 1628 906 fibro—cartila—

298 926 439 970 ginibus,
459 928 564 966 costis,
585 926 695 970 majori
716 926 861 965 dentato,
886 937 962 957 cavo
983 925 1123 965 miliari,
1146 925 1238 969 cujus
1260 927 1414 968 parietem
1435 928 1628 960 anteriorem

297 981 456 1019 efformat,
474 980 609 1011 humero
627 979 754 1010 tandem
770 979 955 1022 respondet,
972 980 1110 1011 anterior
1127 979 1226 1022 ipsius
1242 979 1339 1010 facies
1356 980 1551 1012 subcutanea
1567 988 1625 1013 est.

341 1033 476 1065 Musculi
499 1033 567 1064 fere
590 1044 699 1064 omnes
723 1034 779 1075 qui
805 1034 892 1064 strati
918 1032 1124 1075 superficialis
1150 1038 1273 1075 partem
1301 1033 1507 1075 posteriorem
1529 1045 1628 1067 occu-

297 1093 375 1130 pant
400 1086 489 1118 nullo
512 1087 579 1118 fere
605 1087 699 1118 modo
723 1087 922 1129 respirationi
951 1087 1153 1126 inserviunt,
1180 1086 1240 1116 nisi
1264 1086 1299 1117 in
1325 1086 1571 1119 laboriosissimis
1594 1094 1628 1120 et

298 1140 520 1172 anhelantibus
541 1140 817 1183 respirationibus:
839 1141 899 1171 hoc
911 1140 961 1172 vel
981 1151 1018 1171 ex
1033 1140 1107 1182 ipsis
1127 1139 1306 1171 insertionis
1327 1140 1454 1181 punctis
1474 1146 1578 1183 patet,
1593 1147 1627 1173 et

297 1195 331 1225 hi
347 1205 455 1225 omnes
470 1199 544 1225 sunt
563 1194 764 1236 longissimus
780 1193 879 1233 dorsi,
897 1205 984 1224 sacro
999 1192 1167 1232 lumbaris,
1188 1192 1365 1236 angularis,
1385 1193 1626 1234 rhomboideuS,

298 1247 542 1290 trapeziformis,
559 1246 728 1276 latissimus
747 1246 847 1284 dorsi,
869 1251 929 1276 etc.
951 1246 991 1276 de
1006 1246 1121 1277 ultimo
1139 1246 1238 1277 hocce
1257 1251 1364 1277 tamen
1382 1246 1547 1279 observare
1568 1248 1628 1280 de-

295 1300 408 1331 bemus
422 1301 526 1342 ipsum
543 1310 600 1342 per
619 1300 709 1329 istam
725 1299 774 1330 sui
792 1299 969 1341 portionem
989 1298 1188 1340 respirationi
1207 1298 1375 1337 inservire,
1395 1310 1469 1341 quae
1490 1306 1627 1342 quatuor

296 1355 417 1386 ultimis
442 1355 533 1385 costis
555 1353 715 1396 alligatur.
747 1353 883 1383 Istorum
905 1353 949 1383 sic
971 1351 1191 1383 musculorum
1213 1351 1424 1394 descriptione
1445 1354 1623 1396 perpensa,

295 1408 384 1439 nobis
401 1414 545 1450 superest
561 1406 746 1438 nobilissimi
767 1406 917 1437 Thoracis
935 1405 1072 1437 musculi
1089 1405 1338 1449 diaphragmatis
1356 1407 1509 1449 expositio
1528 1413 1625 1451 atque

295 1461 398 1493 debita
423 1461 618 1492 dilucidatio.

339 1515 552 1557 Diaphragma
577 1514 741 1545 musculus
764 1519 809 1545 est
834 1513 965 1556 planus,
987 1512 1172 1551 latissimus,
1197 1511 1416 1543 subrotundus
1439 1513 1535 1543 situm
1556 1512 1628 1546 fere

294 1568 520 1599 horizontalem
545 1567 691 1599 obtinens
711 1574 742 1598 et
763 1568 931 1599 cavitatem
945 1565 1175 1596 Thorachicam
1191 1565 1230 1596 ab
1248 1565 1439 1596 abdominali
1458 1577 1623 1609 separan83

296 1631 404 1652 omnes
424 1621 513 1652 istius
533 1620 670 1652 musculi
692 1620 777 1651 fibrae
800 1620 894 1663 (quae
913 1626 987 1651 sunt
1011 1620 1143 1662 triplicis
1164 1620 1289 1662 generis
1308 1620 1481 1651 anteriores
1503 1620 1624 1653 scilicet

296 1675 481 1716 posteriores
507 1681 539 1705 et
565 1674 732 1716 laterales)
761 1675 1006 1716 proficiscuntur
1029 1673 1046 1704 ἐι
1075 1679 1184 1704 centro
1206 1673 1448 1716 aponeurotico,
1470 1673 1626 1716 phrenico

296 1727 391 1767 dicto,
402 1734 522 1770 partem
535 1728 583 1759 dia
588 1728 782 1770 phragmatis
794 1728 929 1759 mediam
942 1728 1212 1770 posterioremque
1223 1732 1411 1769 occupante,
1423 1726 1626 1770 formamque

296 1780 472 1812 trilobatam
493 1782 658 1813 offerente.
681 1782 767 1812 Inter
783 1781 892 1812 lobnm
909 1781 1051 1812 medium
1068 1787 1101 1812 et
1121 1780 1270 1812 dextrum
1287 1785 1469 1823 aperturam
1487 1779 1623 1822 praebet,

296 1835 463 1866 transitum
492 1846 582 1867 venae
609 1846 693 1867 cavae
717 1835 873 1877 superiori
899 1835 1175 1878 suppeditantem,
1205 1833 1291 1865 fibrae
1312 1833 1508 1865 musculares
1531 1840 1624 1865 ante-

297 1888 393 1918 riores
415 1894 489 1918 sunt
509 1889 652 1919 omnium
672 1887 864 1920 brevissimae
883 1894 915 1919 et
934 1887 972 1918 ad
992 1887 1201 1930 appendicem
1223 1886 1434 1930 xyphoideam
1456 1892 1624 1930 vergentes

297 1941 356 1983 ipsi
376 1941 577 1980 inseruntur,
600 1941 685 1972 fibrae
700 1947 809 1973 autem
827 1941 1013 1984 posteriores
1032 1951 1141 1971 omnes
1156 1939 1194 1971 ad
1210 1939 1392 1971 columnam
1413 1939 1621 1971 vertebralem

296 1994 496 2037 diriguntur,
517 2000 550 2025 et
569 1995 666 2037 vulgo
684 1996 718 2026 in
737 1995 827 2026 binos
846 1994 1012 2026 fasciculos
1036 1993 1294 2037 conjunguntur,
1318 1992 1417 2024 dictos
1439 2004 1531 2024 crura
1552 1992 1622 2023 dia-

296 2047 509 2091 pliraguiatis,
540 2048 595 2091 qui
629 2049 732 2091 primo
762 2050 845 2080 inter
873 2059 940 2080 sese
967 2048 1090 2080 hiatum
1126 2046 1315 2089 relinquunt
1347 2044 1515 2088 oesopliago
1546 2056 1620 2077 cum
