1747 2620
716 243 829 287 (57)

108 336 202 369 agere
225 330 333 357 contra
359 321 560 354 conscientiae
590 319 684 351 effata
715 324 812 361 atque
839 316 1002 360 negligere
1028 316 1106 360 legis
1134 317 1260 348 moralis
1286 324 1446 361 praecepta

107 380 253 411 omnium
274 390 338 410 una
360 383 457 420 atque
478 374 679 407 consentiens
700 383 760 404 vox
782 378 839 403 est.
871 371 913 402 Et
933 383 1007 414 quae
1033 371 1159 402 Catonis
1187 371 1250 402 fuit
1272 373 1447 411 sententia,

107 434 219 466 eadem
242 432 422 463 communis
447 436 494 461 est
516 429 585 460 fere
607 427 766 459 omnibus.
794 426 890 465 Quod
917 427 942 457 si
964 427 997 457 in
1021 426 1081 457 hoc
1102 437 1190 465 erro,
1216 426 1339 469 inquit,
1363 426 1450 468 quod

109 489 230 520 animos
250 486 420 517 hominum
442 483 636 515 immortales
653 493 720 514 esse
739 481 886 520 credam,
907 480 1058 511 lubenter
1078 491 1169 512 erro:
1189 491 1249 512 nec
1266 479 1345 511 mihi
1361 480 1449 511 hunc

109 552 267 581 errorem,
292 551 356 583 quo
377 537 517 569 delectar
537 537 614 568 dum
637 537 727 576 vivo,
751 535 935 578 extorqueri
956 534 1028 567 volo
1048 534 1107 578 (1).

151 596 222 627 Jam
247 595 320 626 satis
341 594 464 625 dictum
490 598 537 624 est
557 592 596 623 de
621 591 819 634 argumentis
847 589 1007 633 practicis
1038 588 1217 632 Adjicimus
1240 588 1302 620 hoc
1322 600 1426 620 unum
1441 613 1449 628 ,

107 650 218 683 Kantii
233 647 482 693 argumentandi
499 647 654 678 rationem
673 645 820 688 quamvis
836 655 909 674 cum
927 642 995 673 aliis
1010 644 1209 685 argumentis
1226 642 1452 674 confirmandae

107 710 223 736 nostrae
251 703 291 735 de
321 703 504 733 animorum
535 698 774 731 immortalitate
807 697 954 739 inprimis
984 697 1157 736 inserviat,
1188 697 1222 726 in
1252 707 1289 727 eo
1321 696 1451 727 fortasse

107 759 215 790 minus
236 768 301 788 esse
320 754 624 792 commendandam,
642 752 729 795 quod
750 751 827 782 dum
848 750 887 781 de
908 751 1038 782 rationis
1060 750 1244 781 thcoreticae
1261 751 1452 781 auctoritate

108 812 204 844 nimis
226 810 386 849 detrahit,
418 809 566 852 practicae
591 806 705 838 rationi
732 804 845 836 tribuit
870 805 987 836 omnia.
1021 804 1296 847 Distinguendum
1320 803 1452 847 quidem

109 872 156 898 est
170 867 255 897 inter
269 865 426 896 rationem
448 862 673 900 theoreticam,
694 871 767 902 quae
784 860 895 890 doceat
910 859 988 901 quid
1008 860 1087 889 scire
1104 870 1289 901 possumus,
1311 865 1342 889 et
1359 871 1454 901 prac—

108 921 226 960 ticam,
249 930 321 962 quae
347 917 479 954 doceat,
507 915 587 958 quid
614 915 719 945 facere
745 913 940 952 debeamus3
974 918 1123 955 utraeque
1150 923 1226 944 vero
1253 924 1327 943 cum
1351 913 1452 943 amice

110 974 310 1016 conspirent,
333 977 430 1013 atque
451 969 549 1000 altera
579 967 711 998 alteram
731 966 879 1010 adjuvet,
907 978 970 997 non
993 978 1009 997 a
1030 978 1062 997 se
1084 967 1223 998 invicem
1243 973 1318 997 sunt
1342 966 1454 1010 sejun-

111 1027 234 1071 gendae.
256 1026 392 1068 Insuper
415 1024 558 1066 iniquius
579 1022 689 1052 statuit
710 1021 749 1052 de
772 1022 970 1063 argumentis
993 1020 1176 1050 theoreticis
1196 1020 1355 1061 Kantius3
1382 1031 1453 1063 quae

110 1081 257 1125 quamvis
276 1085 363 1110 certo
381 1089 446 1108 non
469 1077 703 1115 demonstrent,
727 1074 860 1105 minime
884 1079 992 1105 tamen
1016 1073 1189 1117 rejicienda
1210 1080 1296 1105 sunt.

712 1182 735 1226 g
779 1182 844 1213 111.

382 1280 601 1303 EPICRISIS
646 1280 851 1301 UNIVERSI
896 1279 1027 1300 HUJUS
1073 1279 1184 1300 Locl.

153 1372 202 1404 Ex
221 1370 370 1403 omnibus
391 1381 465 1414 quae
486 1369 644 1401 hactenus
663 1367 913 1411 disputavimus,
935 1367 1000 1412 jam
1020 1367 1091 1400 haec
1110 1367 1344 1400 concludimus.
1369 1368 1401 1399 Si
1417 1369 1453 1400 in

108 1427 284 1472 quaestione
305 1426 345 1457 de
369 1425 550 1456 animorum
574 1422 814 1455 immortalitate
836 1422 1031 1465 speculando
1053 1427 1086 1453 et
1109 1422 1357 1465 contemplando
1378 1433 1453 1454 ver—

111 1492 235 1522 samur,
261 1480 344 1511 nihil
367 1480 463 1519 certi,
493 1490 557 1522 quo
583 1477 766 1509 intellectus
792 1478 892 1508 nostri
917 1476 1147 1520 quaestionibus
1171 1478 1317 1516 satisfiat,
1344 1476 1452 1508 afferri

109 1541 223 1579 potest.
245 1535 381 1566 Animus
403 1535 509 1573 enim,
526 1544 625 1576 quem
648 1544 737 1564 nunc
758 1538 923 1575 tamquam
944 1542 1054 1563 sensus
1074 1531 1194 1562 interni
1214 1531 1451 1574 phaenomenon

110 1589 327 1633 percipimUS,
356 1600 420 1619 non
449 1587 509 1620 sub
534 1587 646 1619 eadem
675 1587 858 1618 conditione
887 1592 958 1630 post
988 1592 1125 1618 mortem
1150 1586 1240 1617 nobis
1265 1584 1451 1629 apparebit,

110 1643 248 1686 ideoque
273 1653 347 1685 quae
369 1642 433 1686 jam
453 1642 492 1673 de
513 1653 550 1673 eo
573 1647 713 1673 statuere
736 1652 826 1684 posse
847 1641 938 1672 nobis
956 1640 1123 1680 videmur,
1144 1646 1224 1671 tunc
1240 1639 1300 1671 alia
1321 1640 1453 1671 fortasse

111 1698 234 1729 ratione
252 1702 433 1740 comparata
453 1702 560 1728 erunt.
580 1695 641 1728 Sed
662 1707 704 1728 ne
721 1696 820 1727 hacce
841 1695 972 1739 quidem
993 1695 1028 1726 in
1046 1695 1112 1727 vita
1134 1695 1260 1726 animus
1275 1693 1366 1725 nobis
1380 1695 1453 1725 satis

114 1751 259 1793 cognitus
278 1757 325 1782 est
348 1756 405 1782 aut
424 1756 627 1794 perspectus;
654 1750 814 1793 quidquid
840 1750 926 1781 enim
951 1749 992 1781 de
1017 1754 1125 1781 mente
1152 1748 1294 1780 humana
1324 1748 1453 1779 disseri-

113 1814 186 1834 mus
205 1810 237 1835 et
252 1805 469 1838 observatione
489 1817 525 1836 ac
547 1804 755 1836 meditatione
772 1805 812 1836 de
828 1815 865 1836 eo
882 1803 1120 1844 concludimus,
1136 1802 1311 1834 admodum
1329 1803 1451 1833 incerta

114 1862 191 1888 sunt
210 1868 245 1888 ac
264 1857 371 1890 dubia.
396 1858 460 1891 Nos
478 1859 565 1891 enim
586 1860 732 1891 instituta
753 1860 991 1902 comparatione
1014 1859 1099 1889 inter
1125 1868 1255 1888 sensum
1280 1862 1452 1888 externum

115 1916 149 1942 et
171 1910 318 1942 intimam
342 1912 392 1943 sui
415 1911 573 1957 cujusque
599 1913 827 1945 conscientiam
856 1912 1021 1955 duplicem
1050 1911 1084 1941 in
1108 1909 1198 1941 nobis
1224 1909 1452 1953 distinguimus

113 1970 281 2005 naturam,
301 1964 432 1997 alteram
453 1978 584 2010 corpus,
606 1967 738 2000 alteram
754 1967 992 2009 incorpoream,
1009 1970 1042 1996 et
1059 1963 1262 1996 abstrahendi
1277 1964 1450 2004 facultate,

171 2078 217 2109 (1)
233 2078 286 2102 Cic.
309 2078 338 2102 de
355 2078 453 2102 Senect.
477 2086 532 2110 cap.
551 2081 591 2103 25.
