1747 2620
727 239 840 282 (43)

110 321 191 353 lium
217 319 398 357 constituit,
424 314 577 348 domicilii
602 314 688 346 illius
713 313 785 356 lege
811 319 983 356 regantur,
1011 319 1170 357 quatenus
1196 313 1278 345 nihil
1304 316 1452 357 potestati

109 382 165 407 aut
181 374 244 419 juri
266 373 397 405 alterius
418 370 606 414 imperantis
630 368 740 412 ejusve
762 367 883 399 civium
903 366 1145 411 praejudicetur,
1177 367 1244 399 HOC
1268 370 1354 399 enim
1379 381 1454 401 casu

110 429 223 473 regula
242 433 355 466 cessat,
380 438 416 458 ac
438 426 552 468 saepius
572 425 612 455 in·
628 434 664 454 eo
685 422 862 461 territorio,
886 422 920 452 in
941 433 1006 464 quo
1028 421 1157 453 mobilia
1184 433 1259 454 vere
1280 423 1454 463 exsistunt,

111 484 151 516 de
170 484 209 515 iis
223 483 278 514 illa
299 482 541 513 constituuntur
560 490 596 509 ac
615 478 822 516 sanciuntur,
844 488 916 520 quae
938 476 1067 508 domino
1088 483 1257 518 extraneo,
1279 483 1336 509 aut
1351 478 1455 510 domi-

111 539 176 571 cilii
200 537 372 580 imperanti
403 534 572 577 displicent
601 532 674 575 (Cf.
697 531 829 570 Meriiu,
852 532 958 573 Βὴλ,
983 539 1031 564 v⁰.
1049 532 1105 562 Loi
1127 531 1143 574 ς
1162 531 1223 572 VI,
1245 543 1278 563 n.
1301 532 1358 575 3.)
1387 533 1455 572 Sic7

110 599 148 625 ut
167 604 270 624 unum
293 590 450 622 duntaxat
471 587 658 630 exemplum
679 586 853 625 adducam,
878 586 1028 617 creditori
1050 586 1183 618 cuilibet
1205 588 1239 618 in
1260 587 1371 630 Belgio
1399 587 1457 620 do—

109 647 266 680 micilium
293 645 426 677 habenti
445 644 520 675 licet
541 654 591 674 res
615 641 749 673 mobiles
770 641 921 672 debitoris
941 641 992 671 sui
1012 640 1146 671 forensis
1169 652 1192 671 s.
1217 643 1395 684 peregrini,
1423 643 1455 673 in

109 702 238 734 civitate
257 700 314 732 sua
334 704 492 742 repertas,
515 703 634 728 arresto
654 696 798 727 detinere
824 695 906 737 (art.
924 696 990 727 82⁶2
1012 694 1046 726 C.
1067 695 1180 738 proc.)

153 768 189 798 In
210 765 384 798 condendis
403 769 512 796 autem
530 761 665 793 actubus
681 761 825 792 extranei
843 761 876 791 in
893 759 1005 802 Belgio
1022 759 1148 802 legibus
1167 759 1309 790 solennia
1325 759 1455 791 illorum

110 819 332 853 ordinantibus
352 823 520 857 tenentur,
544 814 817 859 quemadmodum
840 815 921 846 etin
942 814 980 844 iis
1001 813 1040 845 ad
1057 813 1208 845 effectum
1228 813 1454 857 perducendis.

153 948 247 979 XIX.
284 945 447 985 Quoniam
467 949 526 973 art.
549 941 589 972 13
612 941 648 971 C.
671 940 741 972 Civ.
763 940 934 983 peregrino
951 940 1015 980 illi,
1038 941 1095 984 qui
1112 952 1151 972 ex
1168 942 1251 985 regis
1266 943 1456 974 auctoritate

110 1002 316 1033 fortunarum
336 1009 468 1030 suarum
487 996 594 1028 sedem
615 996 649 1026 in
670 1006 770 1037 regno
789 995 970 1034 constituit,
993 995 1098 1025 onmia
1120 994 1191 1038 jura
1213 995 1317 1027 civilia
1343 996 1456 1027 confe-

109 1060 244 1093 runtur,
263 1053 363 1086 videri
383 1057 500 1093 posset,
521 1050 666 1081 observat
687 1048 734 1079 Cl.
754 1048 885 1088 Merfin,
903 1049 1009 1089 Rep„
1028 1056 1075 1080 v0.
1094 1049 1268 1097 Etranger‚
1291 1049 1347 1091 §L
1364 1061 1397 1080 n.
1418 1051 1456 1089 9,

108 1107 191 1138 nihil
216 1106 346 1136 omnino
370 1114 445 1134 eum
472 1103 557 1133 inter
583 1107 680 1144 atque
707 1101 838 1144 Belgam
862 1101 1040 1132 interessse.
1068 1101 1191 1133 Verum
1216 1103 1361 1135 nondum
1389 1104 1457 1146 ipse

108 1160 204 1203 Belga
226 1159 330 1189 factus
355 1163 418 1197 est3
440 1155 600 1198 adeoque,
622 1155 647 1186 si
671 1155 724 1186 lex
745 1155 896 1199 quaedam
921 1156 1152 1199 quodcumque
1178 1156 1228 1200 jus
1249 1157 1372 1201 Belgae,
1401 1159 1456 1201 qui

107 1213 233 1259 juribus
261 1211 409 1244 civilibus
435 1211 581 1250 fruatur,
607 1209 773 1250 tribuerit,
800 1210 1009 1241 manifestum
1034 1216 1099 1250 est,
1132 1210 1214 1242 illud
1240 1211 1279 1243 ab
1304 1219 1457 1245 extraneo

107 1267 253 1300 exerceri
272 1278 337 1297 non
359 1276 459 1308 posse.
486 1264 596 1304 Quare
622 1265 767 1296 extranei
788 1266 821 1296 in
845 1264 943 1296 nullis
963 1264 1086 1297 actibus
1110 1277 1216 1297 coram
1237 1268 1361 1298 notario
1377 1267 1455 1310 pub.

107 1321 242 1355 conditis
267 1326 362 1351 testes
383 1330 449 1350 esse
474 1323 618 1361 possunt.
646 1318 715 1349 Art.
740 1319 776 1358 9,
804 1320 840 1349 L.
866 1318 907 1350 25
932 1325 1053 1351 ventos.
1076 1320 1152 1351 anni
1175 1320 1223 1351 XI
1245 1321 1336 1364 Reip.
1362 1322 1454 1353 cond.

106 1377 176 1409 Art.
206 1375 274 1407 980
305 1373 340 1404 C.
366 1372 435 1405 Civ.
462 1372 634 1403 Verissima
664 1371 796 1415 quidem
831 1378 878 1403 est
902 1372 1078 1405 observatio
1100 1374 1117 1405 ἐι
1138 1374 1186 1405 Cl.
1209 1374 1325 1406 Merlin
1352 1376 1454 1418 facta3

106 1442 237 1469 verum,
253 1427 340 1472 quod
355 1426 459 1466 addit,
472 1426 577 1468 legem
594 1426 756 1469 Belgicam
773 1426 832 1457 alia
850 1438 940 1469 posse
956 1426 1077 1470 Belgae,
1094 1427 1154 1459 alia
1174 1428 1287 1460 incolae
1303 1435 1456 1461 extraneo

107 1485 178 1529 jura
204 1482 380 1519 concedere
393 1506 401 1521 ‚
425 1480 458 1512 id
479 1480 519 1511 de
533 1480 571 1511 iis
586 1486 713 1512 tantum
735 1479 861 1525 juribus
882 1487 928 1511 est
948 1481 1214 1524 intelligendum,
1237 1493 1310 1525 quae
1331 1483 1370 1514 ad
1392 1495 1456 1526 pu-

106 1539 231 1571 blicum
252 1537 396 1568 ordinem
412 1540 573 1578 spectant,
593 1534 699 1578 qualia
721 1546 832 1566 revera
850 1541 927 1566 sunt
946 1546 1017 1578 quae
1037 1535 1077 1566 de
1099 1535 1232 1567 testibus
1248 1536 1456 1568 solemnitatis

107 1592 202 1625 causa
228 1590 417 1623 adhibendis
439 1595 556 1633 agunt,
585 1595 698 1632 utpote
722 1589 761 1620 ad
787 1588 837 1633 jus
863 1601 1037 1621 munerum
1062 1591 1268 1633 pertinentia.

151 1656 220 1688 Hac
246 1655 436 1698 exceptione
465 1653 572 1697 quoad
596 1653 782 1698 hujusmodi
809 1655 989 1686 testimonia
1018 1654 1182 1696 solennia,
1210 1655 1345 1698 aliisque
1372 1656 1456 1689 forte

110 1710 318 1754 quibusdam,
335 1720 414 1752 quas
430 1709 581 1752 persequi
596 1708 686 1740 nobis
702 1721 766 1740 non
782 1709 892 1750 licuit,
912 1709 1022 1749 salvis,
1039 1710 1185 1741 extranei
1201 1709 1264 1750 illi,
1282 1709 1322 1741 de
1338 1710 1456 1753 quibus

110 1765 219 1797 statuit
238 1770 297 1796 art.
319 1764 359 1796 13
383 1763 418 1795 C.
444 1763 513 1796 Civ.
539 1763 645 1807 quoad
665 1764 771 1795 omnia
791 1763 897 1797 civilia
921 1763 993 1808 jura
1014 1762 1119 1807 Belgis
1141 1765 1395 1808 aequiparantur.

156 1881 233 1912 XX.
271 1881 289 1912 J
292 1893 342 1912 am
363 1881 450 1925 quod
471 1881 511 1913 ad
529 1893 581 1914 eos
596 1888 764 1914 extraneos
779 1888 919 1926 spectat,
934 1882 974 1914 de
991 1881 1109 1925 quibus
1124 1882 1190 1925 agit
1205 1888 1263 1914 art.
1278 1884 1316 1915 11
1332 1883 1367 1915 C.
1383 1883 1451 1917 Civ.

110 1947 151 1967 ex
169 1935 268 1980 hujus
287 1936 413 1967 articuli
434 1937 637 1980 dispositione
658 1937 755 1969 simul
776 1943 808 1969 et
831 1948 870 1969 ex
896 1936 1062 1979 principiis
1088 1941 1185 1980 atque
1212 1939 1410 1981 argumentis
1435 1950 1451 1969 a

110 2000 163 2020 me
187 2001 283 2033 supra
309 1989 365 2031 (n.
385 1990 532 2022 II-VIII
557 1991 656 2034 hujus
676 1992 798 2036 partis)
823 1991 969 2023 adductis
988 1990 1196 2024 statuendum
1217 1998 1280 2033 est,
1308 1994 1450 2035 primum

111 2053 164 2076 eos
186 2043 306 2088 absque
329 2043 396 2076 ulla
416 2045 501 2076 inter
524 2045 724 2079 diversarum
749 2046 897 2090 gentium
919 2045 1097 2079 alienarum
1122 2047 1207 2080 cives
1229 2046 1449 2088 distinctione,
