1747 2620
912 265 1051 310 (112)

308 339 348 371 ab
369 340 467 383 ipsius
482 351 657 372 nervorum
675 341 835 384 paucitate
855 340 1064 383 exilitateque
1080 341 1251 383 repetenda
1273 348 1349 373 sunt
1363 341 1428 384 (1);
1450 348 1532 374 secta
1553 343 1647 376 facile

308 394 455 426 coalescit
485 394 676 437 pulmonum
708 406 827 434 massa,
865 395 913 426 uti
946 395 1124 426 innumeris
1150 395 1305 437 exemplis
1334 401 1431 438 atque
1456 396 1648 428 luculentis-

307 449 394 480 simis
414 447 686 480 observationibus
711 454 809 490 patet.
838 448 898 478 Hic
925 459 1055 479 monere
1076 448 1230 480 debemus
1249 461 1321 480 vasa
1344 450 1543 492 sanguifera,
1567 451 1649 483 duc-

308 510 425 546 tusque
445 501 572 533 aeriferi
590 507 622 532 et
637 501 852 544 parenchyma
872 501 988 532 horum
1004 513 1212 544 organorum,
1234 509 1297 534 tam
1321 509 1422 543 arcto,
1445 508 1508 534 tam
1534 504 1648 535 intimo

307 559 392 589 inter
414 567 480 587 sese
506 566 594 586 nexu
619 554 809 593 combinari,
836 560 872 585 ut
892 554 1085 597 impossibile
1109 557 1239 587 omnino
1261 557 1301 587 sit
1318 562 1423 599 partes
1443 556 1512 588 illas
1534 556 1648 600 singu-

308 613 396 644 latim
420 617 517 653 atque
541 611 709 653 separatim
738 610 873 641 sauciari
897 621 986 653 posse
1007 610 1066 652 (2).
1097 609 1209 648 Quum
1232 610 1318 641 enim
1341 610 1460 642 vulnus
1480 610 1649 653 pulmones
1687 644 1689 646 ,

308 666 429 709 attigit,
454 663 551 695 simul
573 669 636 695 tres
656 663 706 694 hae
727 669 833 706 partes
853 665 1084 695 constituentes
1108 663 1289 694 laeduntur:
1315 663 1370 695 sed
1396 665 1542 706 quamvis
1568 664 1649 696 illud

308 720 508 753 verissimum
526 718 584 757 sit,
601 723 733 760 possunt
752 723 858 748 tamen
875 719 918 748 ita
934 717 1104 760 pulmones
1122 716 1221 757 assici,
1242 723 1279 748 ut
1293 717 1345 750 vel
1361 728 1413 749 vas
1427 717 1531 762 majus
1545 717 1650 761 quod-

308 774 382 805 dam
405 771 644 815 sanguiferum,
667 770 718 802 vel
740 771 853 813 ingens
876 783 928 803 vas
951 771 1125 802 aeriferum
1149 783 1214 814 prae
1235 772 1356 802 cacteris
1382 777 1524 812 secetur3
1549 782 1650 815 expo—

308 838 424 859 nemus
442 827 541 869 igitur
555 824 718 867 singulum
736 836 861 864 casum,
882 831 920 856 ut
940 835 979 855 ex
996 825 1091 857 variis
1111 824 1284 856 vulnerum
1301 825 1352 857 vel
1374 825 1407 856 in
1429 831 1581 865 mortem,
1599 826 1649 858 vel

308 883 342 912 in
374 880 569 911 sanationem
602 877 879 910 terminationibus
914 878 1152 909 conclusionem
1190 885 1351 920 nostram,
1384 880 1489 923 quoad
1519 880 1649 912 illorum

309 933 519 966 lethalitatem
531 956 539 971 ,
566 942 727 963 eruamus.

353 987 501 1019 Primum
517 985 700 1017 notabimus
715 985 848 1017 vulnera
865 996 936 1027 quae
950 996 1014 1016 non
1030 985 1094 1016 ima
1111 985 1304 1028 pulmonum
1323 986 1498 1029 penetralia
1514 987 1650 1028 adeunt,

310 1041 365 1073 sed
395 1041 538 1084 ipsorum
568 1045 695 1071 tantum
720 1039 921 1082 superficiem
948 1045 1072 1079 secant,
1105 1039 1257 1070 facillime
1285 1040 1388 1071 sanari
1412 1051 1517 1083 posse,
1548 1052 1651 1084 eoque

310 1093 423 1138 majori
440 1105 515 1125 cum
537 1104 700 1132 successu,
722 1093 808 1135 quod
829 1095 904 1124 artis
919 1093 1037 1124 auxilia
1056 1094 1244 1125 admittant:
1266 1094 1347 1125 illud
1364 1094 1443 1125 adeo
1457 1106 1572 1127 verum
1587 1102 1650 1136 est,

310 1155 349 1180 ut
368 1146 489 1179 Fodere
509 1146 557 1189 (3)
581 1152 719 1177 statuat:
743 1148 768 1177 si
795 1147 850 1178 tali
871 1147 1006 1179 vulnere
1031 1148 1191 1179 sauciatus
1215 1148 1315 1189 perit,
1345 1148 1475 1179 omnino
1501 1160 1591 1191 posse
1617 1150 1651 1180 in

311 1202 446 1234 dubium
468 1201 574 1232 vocari
596 1206 707 1231 utrum
729 1200 848 1232 vulnus
868 1212 959 1231 causa
982 1201 1091 1232 mortis
1111 1202 1167 1240 sit,
1188 1211 1249 1232 nec
1268 1211 1324 1239 ne·,
1350 1200 1468 1231 Mallon
1490 1202 1586 1233 etiam
1604 1203 1651 1245 (4)

312 1254 466 1292 declarat,
489 1252 575 1295 quod
595 1253 620 1282 si
640 1252 827 1283 vulneratus
847 1253 907 1283 hac
931 1253 1058 1284 laesione
1079 1259 1206 1296 pereat,
1232 1259 1368 1284 mortem
1390 1265 1454 1284 non
1478 1266 1568 1297 posse
1588 1255 1652 1287 dici

312 1319 353 1339 ex
371 1307 506 1340 vulnere
531 1305 698 1336 oriundam
720 1306 785 1348 (5),
814 1306 913 1337 multa
939 1307 1033 1337 etiam
1057 1307 1204 1349 exempla
1231 1306 1316 1337 hanc
1338 1308 1529 1338 sententiam
1553 1308 1652 1340 stabi-

311 1363 413 1402 liunt3
437 1360 582 1392 Bohnius
604 1361 691 1391 enim
711 1366 865 1391 memorat
886 1371 903 1391 e
923 1361 1061 1403 Pigraeo,
1084 1360 1225 1392 nobilem
1244 1360 1418 1404 quemdam
1435 1373 1499 1392 non
1519 1361 1614 1405 longe
1633 1375 1650 1394 a

311 1415 451 1448 mamma
468 1415 550 1446 ensis
565 1415 647 1454 ictu,
661 1413 789 1445 dorsum
808 1414 841 1445 in
859 1415 1000 1457 opposita
1016 1420 1105 1457 parte
1120 1414 1315 1458 trajiciente,
1331 1426 1519 1458 percussum
1534 1416 1551 1446 f
1552 1416 1649 1458 uisse,

313 1469 459 1513 quamvis
478 1468 532 1499 ille
556 1467 708 1512 trajectus
727 1468 795 1499 sine
815 1468 1008 1511 pulmonum
1028 1468 1155 1499 laesione
1178 1469 1245 1499 fieri
1269 1479 1335 1499 non
1355 1470 1510 1511 potuerit,
1535 1481 1651 1512 parum

313 1530 422 1555 tamen
441 1523 531 1565 puris
550 1532 607 1564 per
630 1521 748 1554 vulnus
772 1522 905 1564 prodiit,
933 1528 965 1554 et
987 1523 1055 1553 siue
1081 1522 1187 1561 febre,
1217 1522 1350 1564 aliisque
1369 1523 1650 1565 symptomatibus,

314 1579 397 1609 intra
422 1577 482 1607 XL
507 1576 574 1607 dies
601 1575 754 1618 perfecte.
771 1582 898 1607 sanatus
924 1576 1004 1615 fuit,
1030 1575 1130 1606 donec
1153 1575 1393 1618 quadragesimo
1418 1576 1484 1616 die,
1507 1576 1597 1609 febre
1620 1584 1652 1609 et

314 1631 445 1674 aliquali
460 1629 611 1673 dyspnaea
626 1635 807 1672 correptus,
828 1629 923 1672 paulo
935 1636 1005 1673 post
1020 1641 1077 1673 per
1094 1629 1255 1661 tracheam
1271 1630 1420 1661 arteriam
1435 1631 1525 1673 puris
1539 1630 1602 1662 albi
1620 1638 1652 1663 et

314 1684 455 1729 percocti
467 1683 550 1715 ultra
566 1683 678 1714 libram
694 1682 840 1726 ejecerit,
854 1683 994 1727 indeque
1010 1683 1127 1727 optima
1143 1694 1268 1727 semper
1286 1683 1470 1717 valetudine
1484 1695 1561 1716 usus
1575 1685 1649 1717 fuit.

376 1798 420 1827 (ι)
437 1797 604 1825 Hebenslreit,
623 1803 680 1827 pag.
698 1796 753 1826 498.

375 1838 418 1868 (α)
435 1836 574 1860 Richerand
598 1835 690 1866 profert
715 1836 798 1859 onmia
827 1836 971 1866 pulmonum
994 1836 1096 1860 vulnera
1121 1836 1246 1867 sanguinis
1267 1836 1361 1866 jactura
1385 1835 1409 1859 et
1428 1836 1490 1859 a'e‘ris
1509 1836 1650 1867 eruptione,

315 1879 389 1903 etiam
407 1878 428 1900 si
445 1881 557 1907 apertura
574 1883 624 1899 non
643 1880 742 1899 externa
761 1881 831 1905 esset,
851 1878 895 1906 (ut
912 1877 938 1900 iu
956 1877 1063 1901 fractura
1079 1879 1230 1908 costarum,)
1252 1876 1422 1900 concomitari.

376 1918 419 1948 (5)
436 1917 559 1941 medecine
573 1917 660 1947 le'gale,
682 1921 742 1939 tom.
763 1919 799 1939 11.
822 1924 880 1948 pag.
899 1917 954 1940 341.

376 1959 421 1988 (4)
438 1957 561 1981 Me'decine
580 1957 668 1987 le'gale,
689 1964 745 1988 pag.
768 1958 834 1979 118-
846 1965 899 1987 1¹9·
988 1956 989 1963 ¹

377 1998 421 2028 (5)
437 1997 553 2020 Praeterea
568 1997 675 2020 eamdem
694 1997 838 2020 sententiam
854 2002 987 2028 sequuntur
1000 2002 1107 2021 auctores
1120 1997 1286 2020 Dictiounarii
1301 1996 1389 2020 seienc.
1405 1996 1472 2019 med.
1489 1995 1559 2019 aiunt
1569 1995 1650 2019 enim:

316 2038 513 2068 L'he'morrhagie
529 2045 558 2060 ne
575 2038 683 2067 pre'seute
698 2046 741 2068 pas
757 2046 788 2061 uu
801 2038 877 2069 grand
895 2039 984 2070 danger
995 2040 1077 2071 quand
1091 2040 1115 2063 la
1130 2039 1233 2063 blessure
1246 2038 1286 2061 des
1302 2044 1422 2069 poumons
1436 2041 1471 2061 est
1484 2036 1650 2067 superficielle.

317 2080 374 2104 Art.
396 2085 516 2110 ponmon,
535 2077 648 2101 blessure.
