1747 2620
718 274 833 319 (29)

151 341 219 374 Hoc
240 344 357 386 posito,
377 347 416 377 sit
437 345 510 390 (fig.
529 347 590 389 28)
611 347 841 392 quodcumque
859 350 1064 395 hexagonum
1082 354 1202 388 circulo
1219 359 1445 404 circumscrip-

106 401 197 428 tum:
224 399 248 429 si
270 398 359 430 locus
383 400 467 431 oculi
490 407 521 431 et
542 401 674 444 planum
698 405 934 447 perspectivum
951 407 995 438 ita
1011 409 1179 451 capiantur
1194 417 1232 442 ut
1247 416 1443 456 perspectiva

105 452 219 492 puncti
241 452 254 482 I
279 453 512 485 intersectionis
531 454 747 498 diagonalium
770 458 826 488 AD
849 464 881 489 et
901 459 973 500 BE,
1001 462 1041 492 sit
1065 469 1214 495 centrum
1238 469 1445 509 perspectivae

107 504 237 544 circuli,
265 506 370 549 (quod
392 506 572 549 obtinetur,
593 511 617 541 si
640 509 729 541 locus
750 511 835 543 oculi
855 518 887 544 et
906 514 1039 556 planum
1061 519 1297 561 perspectivum
1315 521 1358 552 ita
1380 521 1445 553 dis-

104 564 283 600 ponantur,
307 565 343 591 ut
364 567 448 592 recta
476 573 548 605 quae
576 570 694 606 puncta
717 577 932 599 concursuum
955 568 1092 603 laterum
1122 575 1339 616 oppositorum
1361 588 1444 619 qua-

104 610 246 643 drilateri
267 613 413 657 inscripti
434 627 546 659 rmuq,
563 618 603 648 sit
623 618 747 650 infinite
764 620 898 661 distans,
919 623 1031 655 circuli
1051 632 1159 658 autem
1182 630 1380 672 perspectiva
1404 631 1444 662 sit

103 665 199 696 etiam
221 666 379 710 circulus)
402 675 472 701 tum
488 682 528 702 ex
543 671 710 712 lemmate,
730 675 820 706 tertia
838 675 1011 719 diagonalis
1029 679 1080 710 CF
1100 681 1196 713 etiam
1216 694 1274 725 per
1296 690 1443 716 centrum

101 719 237 750 transire
261 720 373 762 debet3
397 733 472 766 ergo
491 724 524 755 in
544 724 640 768 plano
663 725 860 770 objectorum
883 735 946 761 tres
966 731 1030 764 illae
1050 732 1231 777 diagonales
1252 737 1286 768 in
1307 739 1443 770 unicum

99 778 261 814 punctum
285 775 300 807 Ι
323 783 534 808 concurrunt.

143 836 216 869 Istae
236 840 447 882 proprietates
467 842 562 874 facile
583 843 623 875 ad
643 845 798 877 sectiones
820 847 947 879 conicas
965 850 1205 894 extenduntur3
1228 855 1251 884 si
1269 866 1440 898 ponamus,

99 889 188 921 verbi
214 893 331 934 gratia,
359 895 518 927 circulum
544 907 610 929 esse
634 898 732 931 basim
759 902 830 932 coni
856 902 1022 947 cujusdam
1050 912 1082 937 et
1103 907 1234 939 oculum
1260 912 1377 941 versari
1407 912 1441 942 in

97 946 218 977 vertice
242 947 341 989 ipsius
369 950 461 990 coni,
492 956 572 982 tunc
599 953 625 983 si
652 954 774 986 circulo
803 956 994 1000 inscriptum
1020 960 1060 991 sit
1085 960 1313 1005 hexagonum,
1349 964 1441 1009 cujus

97 997 195 1030 latera
219 1003 360 1044 opposita
378 1011 572 1036 concurrant
593 1007 626 1038 in
640 1015 760 1050 puncta
785 1009 928 1054 ejusdem
951 1019 1064 1053 rectae,
1084 1017 1156 1047 etsi
1177 1028 1294 1050 conum
1314 1025 1440 1051 secatur

96 1051 193 1095 plano
212 1054 350 1097 quodam
374 1059 590 1101 perspectivo,
618 1064 802 1104 perpectiva
822 1065 935 1097 circuli
954 1069 1015 1099 erit
1040 1070 1232 1112 generaliter
1248 1084 1311 1103 una
1332 1084 1349 1104 e
1370 1085 1440 1105 sec-

96 1106 237 1138 tionibus
261 1110 399 1149 conicis,
426 1112 479 1142 cui
506 1112 696 1158 inscriptum
724 1118 785 1148 erit
810 1118 1015 1162 hexagonum
1043 1122 1136 1166 cujus
1166 1124 1264 1156 latera
1298 1128 1439 1169 opposita

97 1168 296 1193 concurrunt
324 1163 355 1193 in
383 1171 500 1206 puncta
530 1178 602 1209 quae
630 1169 664 1199 in
692 1169 850 1203 directum
878 1174 1010 1215 sistunt,
1036 1177 1060 1207 si
1086 1178 1216 1221 quidem
1241 1182 1439 1223 perspectiva

95 1212 189 1246 lineae
213 1221 329 1257 rectae,
353 1218 392 1248 sit
415 1219 511 1250 etiam
533 1227 630 1252 recta.
658 1222 735 1254 Haec
756 1235 827 1267 quae
849 1225 888 1257 de
913 1227 1080 1272 hexagono
1104 1231 1257 1275 inscripto
1281 1233 1437 1276 diximus,

94 1268 249 1302 facillime
269 1271 307 1302 ad
329 1271 389 1303 alia
412 1272 623 1307 Theoremata
649 1277 801 1320 applicari
823 1287 968 1323 possunt.

563 1406 837 1441 THEOREMA
904 1411 969 1444 VI.

136 1503 173 1534 In
195 1505 283 1536 omni
309 1512 492 1551 pentagono
516 1510 649 1542 sectioni
675 1513 794 1545 conicae
817 1515 1080 1561 circumscripto,
1117 1525 1202 1552 recta
1232 1516 1304 1565 quae
1327 1522 1435 1567 jungit

92 1567 197 1588 unum
219 1558 448 1603 quodcumque
462 1569 624 1605 punctum
645 1573 826 1609 contactus,
844 1581 917 1602 cum
934 1574 1053 1605 vertice
1070 1576 1229 1618 opposito,
1249 1579 1361 1610 transit
1377 1591 1435 1622 per

90 1618 251 1655 punctum
272 1613 667 1660 intersectionisbduarum
691 1621 827 1655 aliarum
849 1624 1066 1669 diagonalium
1091 1628 1168 1673 (fig.
1192 1631 1266 1674 32.)

135 1675 183 1707 Sit
207 1676 413 1721 hexagonum
435 1680 715 1727 circumscriptum
742 1687 929 1730 ABCDEF,
955 1691 1049 1736 cujus
1075 1692 1256 1737 diagonales
1283 1696 1317 1727 in
1339 1697 1434 1729 unico

89 1736 212 1773 puncto
233 1732 247 1762 I
268 1743 336 1764 sese
355 1734 493 1766 invicem
513 1743 632 1769 secant.
655 1740 688 1771 Si
710 1753 868 1784 ponamus
891 1752 1051 1788 punctum
1075 1748 1102 1778 E
1122 1749 1299 1781 secundum
1322 1750 1432 1793 diago-

89 1783 197 1815 nalem
229 1785 283 1816 ΕΒ
317 1788 488 1830 progredi,
516 1789 618 1822 donee
643 1793 678 1825 in
708 1802 868 1838 punctum
893 1799 921 1830 T
948 1801 1096 1834 sectionis
1127 1803 1264 1844 conicae,
1294 1805 1431 1837 incidat:

90 1839 217 1870 eveniat
239 1845 277 1871 ut
296 1840 361 1873 duo
382 1841 481 1874 latera
501 1844 556 1875 ΕΒ
579 1852 612 1877 et
630 1847 682 1879 EF
707 1849 823 1883 abeant
843 1853 880 1885 'in
901 1859 1086 1897 tangentem
1107 1855 1183 1887 F'D'
1209 1857 1247 1888 ad
1270 1865 1428 1901 punctum

88 1891 116 1922 D
137 1893 285 1925 sectionis
309 1896 438 1928 conicae.
471 1897 625 1941 Sequitur
651 1914 743 1948 ergo,
769 1918 828 1949 per
847 1907 953 1952 legem
975 1910 1210 1953 continuitatis,
1238 1919 1340 1945 rectas
1358 1914 1428 1955 BT,

88 1946 159 1979 AD'v
172 1953 204 1978 et
220 1948 280 1979 CF'
300 1950 334 1981 in
353 1952 450 1983 unico
469 1959 591 1997 puncto
612 1955 638 1987 I'
657 1969 723 1992 sese
743 1961 883 1995 invicem
905 1973 1026 1995 secare⁴
