1747 2620
914 271 926 314 (
950 273 969 304 8
994 271 1007 315 )

298 356 378 377 vena
399 356 528 389 azygos,
555 345 656 378 ductu
679 344 896 386 Tliorachico‚
921 350 1077 389 parteque
1099 345 1296 379 Thorachica
1323 347 1445 388 Aortae3
1471 355 1631 382 costarum

296 399 424 430 interna
462 399 560 430 facies
594 398 811 442 undequaque
844 399 957 442 pleura
992 399 1100 430 costati
1134 401 1291 442 vestitur3
1331 407 1364 434 et
1400 403 1499 435 sterni
1534 404 1631 435 facies

297 454 466 495 posterior,
492 453 680 485 mediastino
702 454 852 485 anteriori
871 453 1080 496 respondens,
1104 454 1138 485 in
1160 455 1282 487 ratione
1297 457 1428 500 ponitur
1444 468 1517 489 cum
1538 457 1631 501 glan-

296 506 372 539 dula
400 507 521 550 thymo.

515 627 538 670 g
568 628 611 659 ΙΙ.
675 638 918 660 ΜυεςυιοῃυΜ
964 638 1137 659 THORACIS
1182 640 1397 663 conrast.

338 730 375 762 In
396 730 551 762 musculis
571 729 723 762 Thoracis
738 729 953 762 describendis
972 730 1132 773 potissima
1154 731 1250 763 debet
1268 732 1355 763 notio
1370 733 1437 764 fieri
1457 732 1496 764 de
1510 733 1560 764 his
1573 735 1632 776 qui

294 785 494 828 respirationi
516 785 636 816 directe
655 786 849 825 inserviunt,
871 791 903 816 et
921 784 1109 816 secundarie
1128 785 1350 817 tantummodo
1374 797 1505 829 agemus
1521 787 1561 818 de
1582 787 1632 819 his

295 839 349 881 qui
367 839 493 869 nonnisi
513 838 702 869 secundario
723 839 816 869 modo
837 839 914 870 huic
939 839 1098 870 functioni
1121 839 1248 880 favent3
1274 845 1376 883 utque
1397 851 1559 884 possemus
1581 841 1632 872 fa—

295 892 388 924 cilius
409 898 505 935 atque
529 892 645 923 clarius
660 892 744 923 hanc
764 893 863 923 nostri
881 893 985 935 operis
1002 898 1126 935 partein
1148 904 1326 935 exponere,
1344 905 1453 925 omnes
1469 895 1632 927 musculos

294 948 327 976 in
351 945 440 976 binas
461 947 605 988 regiones
626 945 878 989 distinguemus,
909 945 1104 989 profundam
1125 956 1243 989 nempe
1265 953 1299 978 et
1320 947 1570 990 superficialem,
1598 955 1632 980 et

292 1000 337 1031 sic
357 1011 374 1031 a
396 999 661 1042 profundioribus
686 999 726 1031 ad
752 1001 850 1042 magis
872 998 1089 1042 superficiales
1109 1001 1347 1041 perveniemus.

337 1053 437 1084 Primi
459 1059 490 1084 et
509 1052 734 1095 profundiores
753 1052 890 1084 musculi
913 1051 1003 1083 nobis
1023 1051 1108 1084 obvii
1128 1058 1204 1084 sunt
1224 1052 1441 1086 intercostales
1459 1053 1578 1085 interni
1599 1060 1632 1086 et

293 1107 435 1147 externi3
458 1107 496 1137 de
519 1106 677 1149 prioribus
700 1107 861 1150 primum:
887 1106 1103 1138 intercostales
1121 1106 1241 1138 interni
1261 1113 1337 1138 sunt
1357 1108 1447 1150 parvi
1468 1107 1631 1151 applanati

293 1159 431 1192 musculi
456 1161 554 1202 spatia
580 1160 809 1200 intercostalia,
833 1172 972 1204 quorum
997 1171 1172 1192 numerum
1198 1160 1389 1204 adaequant,
1416 1167 1628 1205 occupante83

292 1213 332 1244 ab
353 1213 471 1256 angulo
492 1219 650 1244 costarum
673 1213 713 1244 ad
734 1220 877 1246 sternum
897 1225 1000 1256 usque
1019 1214 1158 1254 extensi3
1183 1225 1241 1257 per
1261 1214 1439 1257 marginem
1460 1226 1557 1246 suum
1573 1227 1631 1247 su—

292 1267 450 1309 periorem
468 1265 555 1297 labro
577 1266 704 1297 interno
723 1268 875 1310 marginis
891 1267 1052 1299 inferioris
1072 1273 1231 1299 costarum
1248 1267 1552 1311 cartilaginumque‚
1571 1280 1630 1312 per

291 1321 470 1363 marginem
497 1331 515 1351 e
541 1326 650 1351 contra
677 1320 863 1353 inferiorem
888 1321 977 1353 labro
1002 1322 1129 1352 interno
1155 1321 1308 1364 marginis
1332 1322 1504 1363 superioris
1527 1328 1632 1353 costa-

291 1385 364 1406 rum
384 1374 512 1414 inserti·,
546 1373 632 1405 fibrae
652 1374 794 1417 ipsorum
816 1381 892 1406 sunt
917 1381 1050 1407 externe
1074 1380 1335 1418 postrorsumque
1359 1374 1509 1415 directae,
1534 1375 1632 1407 facies

290 1428 433 1471 ipsorum
454 1428 581 1458 interna
609 1427 723 1470 pleura
745 1428 917 1460 obducitur
942 1428 1069 1469 costali3
1095 1434 1228 1460 externa
1257 1439 1333 1461 vero
1351 1428 1505 1460 musculis
1527 1429 1631 1460 inter-

291 1481 460 1512 costahbus
481 1482 634 1512 externis.
657 1482 791 1513 Externi
814 1480 1031 1513 intercostales
1051 1480 1305 1524 praecedentibus
1323 1491 1460 1512 numero
1475 1487 1507 1512 et
1526 1482 1629 1514 forma

292 1535 430 1578 aequales
452 1541 543 1574 sunt,
573 1536 633 1566 nisi
658 1542 764 1567 tamen
788 1535 1023 1579 longitudinem
1044 1535 1183 1577 excipias
1204 1536 1345 1577 uanique
1368 1534 1591 1566 tantummodo
1612 1548 1630 1568 a

293 1588 442 1620 columna
463 1588 632 1620 vertebrali
650 1589 690 1620 ad
711 1590 864 1621 unionem
881 1588 1035 1632 portionis
1050 1599 1145 1620 osseae
1165 1599 1241 1619 cum
1260 1589 1406 1631 portione
1425 1588 1630 1632 cartilaginea

292 1648 450 1673 costarum
477 1643 715 1683 extenduntur,
744 1643 834 1674 labiis
864 1644 1004 1675 externis
1031 1643 1215 1686 marginum
1241 1648 1400 1673 costarum
1424 1642 1629 1684 inseruntur,

291 1695 421 1726 illorum
451 1694 537 1725 fibrae
564 1695 721 1726 contraria
749 1707 785 1727 ac
811 1697 930 1728 interni
959 1697 1101 1740 gaudent
1124 1696 1316 1734 directione,
1342 1695 1494 1726 interiora
1518 1707 1629 1728 versus

292 1748 445 1780 musculis
469 1748 722 1780 intercostalibus
744 1750 878 1781 internis
900 1750 997 1782 vicini
1018 1755 1110 1789 sunt,
1133 1760 1150 1779 a
1172 1747 1288 1791 quibus
1314 1754 1503 1791 separantur
1520 1750 1628 1792 spatiis

291 1801 628 1842 intermuscularibus,
656 1814 727 1846 quae
752 1815 823 1835 vasa
846 1810 878 1835 et
903 1815 1018 1836 nervos
1042 1802 1258 1834 intercostales
1281 1802 1467 1842 continent,
1496 1809 1629 1836 externa

293 1863 402 1889 autem
423 1855 539 1887 horum
568 1856 665 1887 facies
685 1856 847 1900 plerisque
874 1857 981 1889 trunci
1015 1856 1169 1888 musculis
1198 1855 1386 1897 obducitur3
1419 1856 1473 1887 hic
1498 1867 1628 1900 quoque

292 1909 424 1941 notandi
445 1910 581 1941 veniunt
599 1910 736 1941 musculi
758 1922 853 1954 supra
874 1910 1015 1942 costales.
1041 1911 1137 1942 Parvi
1150 1915 1226 1941 sunt
1243 1910 1305 1940 XII
1323 1918 1459 1941 numero
1476 1921 1516 1941 ex
1536 1916 1628 1942 utro—

294 1975 358 2008 que
377 1964 493 2003 latere,
516 1963 554 1994 ab
573 1964 788 2007 apophysihus
808 1965 993 1998 transversis
1015 1963 1236 1998 vertebrarum
1257 1962 1430 1994 dorsalium
1451 1969 1627 1996 nascuntur

293 2024 326 2049 et
347 2017 475 2060 oblique
495 2018 652 2049 anteriora
673 2024 705 2049 et
721 2019 872 2052 inferiora
892 2031 1002 2053 versus
1021 2017 1306 2050 descendentes-ad
1326 2023 1449 2060 partem
1471 2018 1627 2060 posterio-

294 2082 363 2105 rem
383 2071 533 2115 marginis
551 2071 721 2114 superioris
743 2078 834 2105 costae
856 2072 1042 2105 immediate
1061 2073 1258 2117 insequentis
1282 2072 1505 2104 terminantur.
