1747 2620
893 294 1005 336 (18)

290 369 345 411 qni
361 368 553 399 immortales
573 369 692 398 animos
708 373 904 406 statuerunt,
927 367 1090 398 contrariae
1107 368 1273 399 sententiae
1292 373 1457 399 assertores
1476 379 1611 400 numero

288 421 382 464 longe
403 421 607 463 multumque
623 426 784 463 superent.
806 419 855 450 Ad
875 420 1014 451 indolem
1037 426 1143 451 autem
1161 431 1272 451 eorum
1293 421 1349 463 qui
1365 420 1462 464 hujus
1480 428 1610 452 senten-

289 475 340 504 tiae
356 474 546 512 assentiunt⁷
566 479 786 516 provocantes,
808 473 891 503 hanc
911 474 1004 504 etiam
1022 485 1078 515 pro
1099 473 1335 504 immortalitate
1353 473 1449 504 animi
1464 485 1610 516 pugnare

289 528 494 568 reperiemus.
526 527 561 556 In
583 525 762 556 nationibus
780 531 887 556 autem
909 525 1048 556 barbaris
1072 526 1138 568 ipsa
1160 532 1284 558 naturae
1305 538 1366 558 vox
1387 526 1549 569 loquitur3
1575 527 1609 558 in

290 579 423 609 excultis
443 590 517 610 vero
542 578 640 620 major
661 579 695 608 fit,
715 578 842 608 testium
861 579 1040 608 auctoritas.
1066 579 1097 608 Si
1123 590 1216 620 porro
1238 579 1392 621 quaeritur
1412 579 1451 610 de
1470 579 1610 621 philoso-

289 633 359 674 phis
375 631 571 674 singulisque
590 630 787 669 hominibus7
804 631 845 661 ita
860 640 1022 672 quemque
1038 630 1162 661 facilius
1176 631 1296 662 hancce
1312 632 1499 662 sententiam
1519 642 1612 662 acce-

288 685 369 726 pisse
393 690 425 715 et
448 685 645 715 confirmasse
666 689 813 726 apparet,
838 688 876 713 ut
896 683 1032 725 quisque
1055 689 1121 714 erat
1144 684 1314 726 sapientior
1334 696 1370 715 ac
1393 685 1519 716 virtutis
1540 691 1611 716 stu-

284 738 412 768 diosior.
436 738 463 768 Ii
483 743 590 768 contra
611 738 668 780 qui
687 738 866 768 animorum
888 736 1156 767 immortalitatem
1172 743 1346 779 negarunt,
1372 748 1498 768 omnem
1514 737 1610 768 simul

289 790 387 822 divini
412 791 551 821 numinis
572 801 681 821 curam
700 789 863 832 providam
885 800 1078 831 omnemque
1100 789 1195 831 plane
1217 789 1404 832 religionem
1425 790 1535 820 tollere
1555 801 1610 820 co-

288 843 354 872 nati
374 848 464 881 sunt,
489 848 520 873 et
540 842 734 885 voluptatem
756 853 918 873 summum
942 841 1125 873 habuerunt
1152 841 1283 873 bonum.
1309 843 1391 881 Quae
1411 843 1541 874 testium
1558 843 1611 873 in-

288 896 415 937 tegritas
436 896 601 937 omnisque
622 895 750 926 vivendi
771 896 850 925 ratio
872 896 897 926 si
915 895 994 937 quid
1013 895 1052 926 ad
1069 896 1240 926 testimonii
1259 897 1480 927 auctoritatem
1499 896 1612 927 confe-

287 953 352 977 rat:
374 947 468 977 facile
494 948 652 979 evincitur
673 958 729 977 nos
749 947 809 978 hac
832 948 865 977 in
889 958 923 978 re
947 947 1128 979 auctoribus
1150 949 1198 979 uti
1221 949 1347 991 optimis
1368 948 1610 992 plurimumque

286 999 464 1031 valentibus
488 999 545 1041 (1).

330 1053 477 1095 Denique
498 1052 537 1083 ad
555 1052 653 1095 ipsam
675 1052 773 1097 hujus
793 1053 866 1085 fidei
881 1059 1028 1085 naturam
1043 1059 1076 1085 et
1090 1054 1245 1096 originem.
1261 1054 1381 1085 attendi
1401 1054 1515 1087 volunt
1533 1054 1610 1096 phi-

287 1105 419 1147 losophi.
445 1106 573 1137 Etenim
593 1107 714 1137 nemini
735 1118 816 1147 non,
845 1106 938 1137 modo
956 1106 1169 1150 praejudicatis
1193 1107 1394 1150 opinionibus
1416 1107 1456 1138 sit
1475 1118 1610 1146 vacum,

285 1159 431 1200 inprimis
456 1169 530 1190 vero
554 1160 673 1201 optimo
693 1160 832 1203 cuique,
862 1166 950 1203 grata
975 1166 1022 1191 est
1044 1166 1077 1191 et
1105 1166 1254 1203 accepta3
1287 1160 1381 1191 facile
1407 1161 1441 1190 in
1470 1159 1611 1204 cujusvis

285 1217 426 1242 mentem
449 1211 571 1243 inditur
589 1218 620 1243 et
636 1213 702 1255 ipsa
720 1214 809 1255 quasi
829 1224 861 1244 se
878 1215 1035 1254 insinuat,
1054 1214 1097 1244 ita
1120 1220 1157 1245 ut
1177 1214 1333 1245 maturius
1347 1212 1410 1257 jam
1430 1224 1463 1244 se
1483 1213 1609 1255 prodat,

285 1269 319 1294 et
337 1269 409 1294 ante
425 1275 522 1306 quam
540 1265 574 1295 in
590 1264 659 1307 ejus
678 1267 813 1296 rationes
831 1266 870 1296 sit
886 1266 1092 1308 inquisitum,
1113 1272 1173 1298 stet
1196 1266 1381 1297 inconcussa
1396 1272 1428 1297 et
1442 1276 1610 1308 nunquam

285 1316 433 1346 tollenda.
457 1316 552 1347 Unde
573 1328 647 1348 vero
666 1317 772 1349 haecce
787 1320 894 1361 opinio
913 1325 946 1350 et
965 1321 1142 1351 communis
1156 1320 1224 1351 fere
1243 1319 1425 1362 persuasio?
1446 1319 1507 1349 Vel
1523 1319 1609 1349 enim

285 1370 474 1411 gmvissimae
498 1371 641 1402 homines
662 1373 798 1403 rationes
819 1384 856 1404 eo
876 1373 1094 1413 induxerunt,
1118 1379 1156 1405 ut
1176 1373 1271 1405 talem
1292 1373 1482 1404 sententiam
1503 1372 1610 1403 omni-

283 1421 342 1453 bus
368 1422 467 1454 veluti
489 1423 647 1467 suffragiis
672 1424 865 1467 probarent,
900 1425 952 1457 vel
977 1426 1074 1457 nullis
1106 1427 1254 1457 commoti
1279 1426 1453 1456 rationibus
1479 1424 1610 1456 aliunde

284 1486 353 1506 eam
374 1483 577 1519 acceperunt.
604 1477 726 1516 Quodsi
748 1479 836 1520 prins
856 1478 1029 1510 obtinuisse
1049 1479 1219 1517 sustineas,
1239 1478 1289 1509 hae
1308 1478 1457 1517 rationes,
1479 1489 1553 1508 cum
1574 1477 1608 1508 in

284 1528 443 1571 plerisque
463 1530 557 1560 rebus
580 1530 658 1561 adeo
681 1531 866 1562 dissentiant
889 1531 1049 1570 homines,
1070 1531 1201 1562 maximi
1225 1540 1300 1561 sane
1322 1529 1470 1572 ponderis
1491 1530 1554 1559 sint
1575 1535 1608 1560 et

284 1581 476 1613 evidentiam
502 1584 588 1614 omni
613 1584 861 1615 contradictione
888 1583 1038 1627 majorem
1065 1583 1202 1614 habeant
1230 1593 1356 1613 necesse
1381 1588 1447 1621 θεὶς
1488 1582 1609 1624 quippe

284 1646 356 1677 quae
377 1637 462 1666 omni
482 1637 632 1667 memoria
654 1643 684 1667 et
706 1637 810 1668 ubivis
828 1643 984 1667 terrarum
1002 1648 1110 1667 omnes
1135 1637 1263 1667 omniuo
1284 1636 1430 1667 mortales
1448 1647 1484 1666 eo
1499 1637 1610 1678 impu-

284 1687 411 1727 lerunt,
441 1694 478 1719 ut
498 1701 595 1720 unam
618 1689 817 1732 eandemque
839 1691 1028 1720 sententiam
1053 1689 1333 1732 amplecterentur.
1361 1689 1393 1719 Si
1413 1699 1488 1721 vero
1512 1688 1609 1719 nullis

283 1740 404 1771 idoneis
430 1741 624 1781 rationibus,
659 1748 744 1773 certe
774 1754 838 1774 non
864 1744 1037 1774 manifestis
1063 1744 1095 1774 id
1119 1744 1269 1774 effectum
1296 1742 1393 1773 fuisse
1415 1741 1606 1781 contendas,

284 1800 414 1836 apparet
435 1805 500 1825 non
527 1794 655 1826 aliunde
678 1789 738 1826 nis'i
764 1803 886 1828 naturae
911 1808 989 1829 voce
1009 1803 1042 1828 et
1065 1797 1152 1840 lege,
1178 1796 1211 1827 id
1236 1802 1298 1835 est,
1329 1795 1367 1826 ab
1391 1796 1457 1838 ipso
1485 1801 1607 1826 naturae

284 1852 412 1877 auctore
437 1847 504 1877 Deo
530 1847 649 1879 hancce
671 1859 873 1880 communem
898 1850 1132 1892 persuasionem
1164 1849 1317 1891 proficisci
1342 1848 1492 1891 potuisse.
1527 1848 1609 1887 Quae

285 1900 362 1942 quin
385 1901 553 1931 maximam
574 1901 688 1932 habeat
705 1902 928 1946 obligationem
949 1904 1020 1946 quis
1042 1902 1190 1934 dubitat?
1208 1902 1267 1944 (2).

343 2013 386 2041 (1)
403 2012 442 2035 Cf.
462 2013 506 2035 Les
522 2021 613 2036 oeuvres
630 2013 828 2044 philosophiques
844 2015 873 2038 de
889 2015 1036 2038 l'Acadeinie
1052 2014 1189 2044 Fraucaise,
1206 2003 1259 2037 vo'l.
1279 2015 1331 2042 IL,
1352 2013 1474 2036 douzieme
1492 2012 1607 2042 joui-mie,

282 2051 354 2081 chap.
374 2053 401 2082 93
420 2052 445 2075 in
461 2052 519 2075 fine.

341 2093 384 2120 (2)
399 2091 440 2114 Cf.
459 2096 545 2122 praeler
560 2092 620 2115 alios
638 2093 671 2115 A.
692 2093 810 2121 Coutzen,
828 2093 877 2118 vir.
893 2094 926 2117 cl.
945 2094 1052 2124 praelect.
1072 2093 1122 2124 log.
1142 2097 1166 2117 et
1184 2092 1294 2123 metaph.
1308 2110 1314 2122 ,
1336 2097 1396 2115 tom.
1412 2093 1461 2115 111.
1483 2099 1548 2122 pars.
1567 2092 1603 2114 ΙΙ.

280 2132 338 2154 diss.
358 2132 383 2155 4.
402 2139 457 2162 cap.
476 2133 501 2154 4.
522 2133 534 2162 §
554 2133 597 2155 325
611 2140 679 2163 seqq.
