1747 2620
724 274 838 318 (39)

111 435 293 450 “tw-‘¹‘
298 432 1073 452 “d-“U'WJ‘N‘Q‘O‘ff‘W‘JJ-'J‘
1077 432 1262 446 ‘'J-‘'J“
1266 432 1357 446 “s‘'
1361 431 1452 445 ‘J‘

418 571 616 612 PARS
683 571 1145 613 POSTERIOR.

111 705 150 733 IN
171 705 244 742 QUA
266 704 385 735 VARIA
405 705 716 734 PHILOSOPHORUM
737 683 975 741 ARGUMENTA,
1010 704 1085 732 PRO
1106 704 1210 732 ANIMI
1232 704 1454 733 IMMORTALI-

325 775 417 804 TATE
435 775 593 811 ALLATA,
617 775 881 804 EXAMINANTUR
901 775 945 804 ET
965 774 1236 804 DIJUDICANTUR.

157 1022 309 1055 Absoluta
331 1023 395 1067 jam
417 1026 699 1066 argumentorum,
726 1022 843 1064 quibus
865 1035 924 1065 pro
944 1024 1044 1054 animi
1066 1023 1305 1055 immortalitate
1329 1024 1362 1054 in
1384 1034 1454 1055 me-a

113 1077 202 1108 dium
223 1078 353 1119 prolatis
383 1078 433 1107 uti
458 1077 561 1107 solent
582 1075 785 1118 philosophi,
815 1077 1012 1119 expositione
1036 1083 1068 1108 et
1091 1078 1295 1117 recensione,
1320 1077 1454 1109 alteram

109 1129 223 1161 laboris
244 1130 343 1160 nostri
364 1135 489 1171 partem
510 1139 647 1171 eamque
666 1129 755 1161 haud
776 1130 921 1161 infimam
944 1130 1003 1161 sibi
1024 1131 1126 1174 exigit
1146 1132 1333 1163 earumdem
1355 1132 1453 1163 ratio-

109 1194 191 1215 num
214 1182 410 1226 disceptatio.
448 1182 539 1226 Opus
559 1193 634 1214 sane
657 1189 704 1214 est
724 1183 945 1216 utilissimum.
984 1184 1066 1216 Nam
1092 1186 1366 1229 quemadmodum
1388 1198 1454 1217 non

109 1236 265 1280 probandi
292 1243 387 1278 sunt,
414 1238 472 1281 qui
498 1244 597 1269 totam
624 1237 833 1280 quaestionem
856 1238 896 1269 de
919 1239 1100 1271 animorum
1122 1241 1339 1283 perpetuitate
1370 1246 1454 1271 tam—

109 1303 207 1335 quam
227 1294 381 1324 incertam
404 1292 592 1335 negligunt3
618 1293 662 1323 sic
682 1298 808 1332 contra,
832 1298 870 1324 ut
891 1299 939 1324 est
953 1293 1040 1336 apud
1063 1293 1247 1334 Platonem,
1263 1294 1453 1338 quicunque

109 1356 270 1389 generosae
291 1346 331 1377 ad
352 1347 521 1379 veritatem
545 1353 593 1378 est
612 1347 745 1387 indolis,
769 1358 846 1379 eum
873 1347 965 1379 decet
984 1360 1060 1380 cum
1081 1350 1239 1392 attingere
1261 1349 1454 1381 immortali—

110 1400 183 1431 tatis
207 1406 456 1444 argumentum,
483 1406 555 1432 tum
578 1400 661 1433 illud
688 1402 733 1433 ita
760 1407 917 1442 tractare,
945 1408 984 1434 ut
1007 1401 1077 1447 ejus
1095 1402 1382 1435 demonstrationes
1411 1403 1452 1434 ab

109 1453 177 1485 aliis
198 1455 345 1487 inventas
366 1453 540 1498 dijudicet,
564 1466 605 1486 ex
633 1456 736 1499 iisque
761 1467 849 1496 eam,
874 1467 947 1500 quae
967 1458 1114 1500 proxime
1136 1457 1176 1488 ad
1197 1457 1454 1489 verisimilitudi—

109 1519 185 1539 nem
206 1508 351 1548 accedat,
373 1508 486 1552 probet
506 1521 543 1541 ac
563 1515 695 1542 tueatur
712 1510 770 1554 (1).
798 1511 896 1550 Quod
916 1511 1047 1554 quidem
1070 1517 1287 1554 praeceptum,
1312 1511 1454 1554 philoso—

108 1561 248 1604 phorum
269 1568 359 1605 patre
380 1564 510 1594 omnino
529 1564 681 1607 dignum,
707 1566 854 1608 quamvis
875 1565 915 1597 ad
934 1566 1195 1609 persequendum
1210 1577 1276 1597 non
1293 1566 1337 1597 ita
1358 1566 1453 1597 facile

109 1616 165 1655 sit,
192 1617 276 1648 vires
297 1623 406 1649 tamen
428 1618 488 1649 hac
506 1619 540 1649 in
561 1630 596 1650 re
618 1619 793 1663 periclitari
812 1619 914 1665 juvat.
941 1620 1024 1659 Quae
1047 1621 1147 1664 igitur
1170 1621 1377 1663 exposuimus
1400 1632 1453 1651 ar—

110 1676 284 1713 gumenta,
314 1672 503 1703 accuratiori
528 1672 591 1717 jam
613 1675 754 1707 examini
779 1674 977 1720 subjicienda
1001 1681 1077 1707 sunt
1098 1681 1195 1719 atque
1217 1675 1452 1719 inquirendum

110 1725 145 1755 in
172 1736 283 1757 eorum
313 1727 379 1759 vim
407 1733 440 1757 et
467 1726 697 1760 eflicacitatem.
731 1729 847 1762 Haecce
873 1736 983 1762 autem
1009 1729 1215 1774 dijudicatio,
1245 1741 1310 1773 quo
1337 1729 1452 1762 melius

112 1779 277 1820 procedat,
304 1780 443 1812 eundem
467 1781 536 1813 fere
549 1807 557 1822 ,
584 1794 682 1826 quem
703 1785 737 1815 in
762 1791 853 1828 parte
879 1785 979 1829 priori
999 1785 1100 1817 secuti
1123 1795 1234 1817 sumus
1247 1808 1255 1824 ,
1271 1784 1425 1816 ordinem
1442 1809 1450 1825 ,

112 1831 165 1863 hic
185 1843 312 1876 quoque
334 1836 528 1868 servandum
550 1848 616 1869 esse
640 1839 803 1871 duximus.

173 1947 211 1976 (1)
229 1947 290 1970 Vid.
312 1947 382 1972 Plato
400 1948 427 1972 iu
443 1941 546 1980 Phaed'.,
567 1959 623 1982 cap.
641 1952 682 1975 56.
701 1960 728 1984 p.
747 1952 790 1982 47»,
811 1952 852 1975 ed.
874 1952 1013 1983 VVyttenb,
