1747 2620
899 240 1013 284 (86)

293 319 325 350 iu
350 323 479 361 pectore
501 315 622 348 aditum
643 314 804 359 praebent,
829 314 957 347 nullum
978 314 1159 358 periculum
1190 314 1381 357 portendere
1403 322 1434 347 et
1456 317 1628 360 nequidem

292 384 350 415 per
370 383 402 402 se
423 370 552 402 lethalia
575 369 817 413 pronuncianda
840 380 921 409 esse3
948 369 1112 411 respiratio
1134 368 1255 400 scilicet
1276 370 1309 400 in
1330 369 1430 401 altero
1452 376 1529 402 tunc
1554 371 1638 414 pul-⁴

292 436 387 457 mone
407 425 514 456 locum
539 424 634 455 habet
654 423 805 466 languida
829 423 976 465 quidem,
1001 422 1054 453 sed
1076 428 1181 453 tamen
1205 423 1363 454 sufficiens
1386 430 1422 455 ut
1446 425 1506 455 vita
1529 426 1631 456 inter-

293 481 444 512 tineatur.
467 479 623 517 Quamvis
638 478 725 509 haud
741 476 868 508 credam
885 477 982 507 vitam
998 487 1088 518 posse
1104 487 1160 518 per
1175 476 1308 519 longum
1325 479 1475 520 temporis
1491 480 1630 521 spatium

292 534 478 572 subsistere,
502 532 601 563 altero
617 531 810 574 pulmonum
825 529 929 561 subito
945 529 1122 569 destruct0‚
1139 530 1190 561 vel
1205 530 1302 575 hujus
1318 532 1442 563 actione
1460 533 1630 575 impedita,

293 595 401 620 tamen
431 587 561 617 omnino
593 586 709 617 certior
741 585 844 616 factus
878 595 972 623 sum,
1010 583 1112 615 multo
1143 585 1237 616 citius
1267 587 1381 628 perimi
1413 586 1577 618 hominem
1606 589 1632 618 si

295 648 470 684 utrumque
485 639 585 680 latus,
602 639 700 671 nullis
716 638 847 682 quidem
863 639 989 681 organis
1005 639 1138 670 internis
1151 639 1247 679 laesis,
1267 641 1445 683 perfossum
1461 642 1517 682 sit,
1534 654 1631 685 quam

294 697 319 728 si
350 696 484 728 unicum
511 700 653 734 secetur;
681 693 829 736 illudque
857 692 917 723 hac
950 704 1022 735 quae
1043 693 1189 736 sequitur
1210 694 1518 736 experimentatione
1543 708 1633 727 com—

294 756 424 794 pertum
448 749 561 780 habeo.

340 805 452 844 Quum
475 803 609 843 vellem,
633 803 740 834 nescio
761 802 840 846 quid
862 803 895 833 in
920 801 1014 834 corde
1035 807 1067 833 et
1086 801 1264 844 pericardio
1285 802 1475 845 periclitari⁷
1496 804 1635 836 cunicu-

296 861 364 891 lum
386 859 464 889 huic
485 858 706 900 experimento
728 863 839 899 aptum
860 857 998 899 sumpsi,
1026 856 1198 898 debitoque
1216 856 1329 899 ligavi3
1352 863 1389 888 ut
1407 863 1551 889 sternum
1575 870 1636 890 au·-

298 915 415 945 l'errem
433 936 441 951 ‚
474 910 623 953 scalpello
648 911 826 941 anatomico
852 910 977 941 dexteri
1008 910 1115 941 lateris
1147 909 1446 953 fibro—cartilagines
1469 913 1578 952 secui,
1604 919 1636 944 et

297 967 443 1011 quamvis
469 965 580 1008 pulmo
608 964 743 1008 hujusce
764 964 887 1004 lateris,
913 970 1023 1007 aperto
1044 963 1195 1002 vulnere,
1217 963 1445 1004 collaberetur,
1471 966 1637 1008 respiratio

298 1020 433 1053 difficilis
457 1018 680 1050 tantummodo
710 1024 743 1049 et
769 1018 853 1049 celer
879 1024 965 1057 erat,
993 1017 1047 1048 sed
1073 1017 1202 1048 nullum
1230 1018 1401 1049 eminentis
1422 1018 1637 1051 suffocationis

301 1073 481 1118 periculum
509 1072 640 1112 aderat3
669 1078 700 1103 at
727 1073 892 1105 enimvero
918 1072 1064 1115 protinus
1085 1083 1121 1103 ac
1142 1071 1233 1103 alteri
1256 1072 1347 1103 lateri
1372 1073 1492 1105 vulnus
1515 1074 1638 1115 inflixi,

299 1128 417 1160 animal
438 1128 510 1158 totis
531 1127 596 1157 suis
617 1126 736 1158 viribus
757 1126 909 1158 utebatur
930 1133 967 1157 ut
986 1127 1134 1168 spiritum
1158 1138 1253 1157 suum
1274 1127 1432 1167 traheret3
1457 1134 1566 1170 aperto
1584 1140 1639 1160 ore

301 1189 333 1214 et
355 1181 497 1219 naribus,
521 1191 578 1223 per
598 1180 709 1222 longos
728 1179 889 1222 singultus
910 1185 1104 1221 strepentem
1126 1178 1262 1210 halitum
1285 1180 1448 1222 quaerebat
1467 1187 1499 1212 et
1517 1181 1640 1214 brevis-

300 1239 380 1268 simo
400 1235 551 1277 temporis
571 1234 688 1276 spatio,
713 1239 885 1275 autequam
907 1232 1028 1263 scilicet
1048 1232 1138 1263 binas
1161 1233 1292 1264 alterius
1316 1233 1423 1265 lateris
1444 1234 1641 1266 fibro-carti-

301 1290 414 1333 laginis
438 1289 624 1327 secuissem,
651 1287 842 1332 suffocatum
868 1286 980 1329 periit:
1012 1285 1150 1316 mirabar
1174 1286 1326 1329 equidem
1352 1293 1416 1318 tam
1442 1289 1505 1319 cito
1531 1300 1641 1321 meum

301 1344 381 1376 mihi
403 1342 522 1374 animal
542 1342 792 1374 sufflaminatum
815 1341 929 1381 fuisse3
952 1339 1115 1384 hujusque
1136 1345 1200 1371 tam
1224 1346 1405 1384 promptam
1424 1348 1560 1374 mortem
1583 1342 1642 1374 ad—

302 1397 478 1430 scribebam
506 1396 626 1428 laesioni
655 1394 783 1440 majoris
807 1395 973 1440 cujusdam
997 1395 1077 1427 vasis
1106 1395 1300 1437 sanguiferi,
1335 1396 1422 1438 quod
1452 1408 1642 1439 aperueram

303 1454 388 1484 inter
410 1451 603 1490 secandum,
631 1456 663 1482 et
689 1461 762 1493 quae
786 1450 859 1481 satis
885 1460 1033 1492 magnam
1059 1448 1325 1491 haemorrhagian]
1350 1448 1641 1492 determinaverat3

305 1518 379 1538 mox
403 1511 511 1536 autem
538 1510 576 1536 ut
596 1504 731 1536 cadaver
758 1502 940 1546 aperuerim
961 1508 994 1533 et
1014 1501 1148 1533 viderim
1173 1501 1342 1544 pulmones
1362 1502 1402 1533 ad
1422 1503 1569 1545 quintam
1592 1506 1644 1538 sui

306 1560 478 1592 voluminis
498 1558 581 1589 soliti
596 1563 718 1601 partem
739 1557 897 1596 redactos,
916 1561 949 1587 et
969 1557 1001 1587 in
1017 1555 1182 1602 posteriori
1199 1555 1350 1586 Thoracis
1365 1557 1496 1599 regione
1513 1559 1644 1590 omnino

307 1612 440 1657 rejectos
463 1613 577 1652 fuisse,
604 1612 750 1654 protinus
774 1610 919 1641 intellexi
939 1610 1126 1653 asphyxiam
1153 1610 1233 1640 aeris
1258 1610 1418 1652 pressione
1446 1611 1480 1641 in
1506 1617 1644 1655 utroque

308 1668 461 1712 pulmone
482 1666 722 1697 adscribendam
745 1676 825 1705 esse3
850 1671 989 1696 attamen
1012 1670 1048 1695 ut
1068 1664 1183 1696 certior
1202 1663 1308 1695 adhuc
1329 1664 1389 1695 hac
1405 1664 1444 1695 de
1464 1676 1499 1695 re
1515 1665 1642 1705 fierem,

307 1723 341 1753 in
363 1721 423 1752 alio
442 1720 594 1752 cuniculo
616 1719 718 1750 simile
734 1720 992 1762 experimentum
1008 1718 1148 1757 institui,
1168 1718 1255 1749 secui
1276 1717 1396 1749 scilicet
1412 1724 1506 1749 caute
1521 1718 1645 1750 dexteri

309 1775 415 1807 lateris
439 1773 737 1816 fibro-cartilagines
760 1784 869 1804 omnes
889 1780 921 1805 et
942 1774 1079 1813 iterum,
1100 1773 1148 1805 uti
1169 1773 1201 1803 in
1222 1771 1417 1816 praecedenti
1439 1773 1645 1815 experimen—

310 1830 450 1869 tatione,
480 1827 608 1859 nullum
636 1827 851 1859 suffocationis
877 1826 1059 1870 periculum
1084 1825 1208 1865 aderat,
1233 1826 1378 1868 quamvis
1403 1825 1537 1857 difficilis
1565 1832 1647 1858 esset

311 1883 493 1927 respirati03
516 1893 580 1925 quo
601 1881 702 1921 facto,
723 1883 841 1913 sinistri
858 1882 964 1913 lateris
982 1892 1081 1913 unam
1102 1881 1189 1911 secui
1213 1879 1547 1923 fibro-cartilaginem,
1576 1891 1647 1911 om-

312 1937 407 1969 nibus
425 1936 573 1968 adhibitis
588 1935 720 1967 cautelis
738 1947 778 1967 ne
796 1936 1021 1968 vulneraretur
1037 1947 1089 1968 vas
1104 1934 1342 1978 sanguiferum‚
1363 1934 1449 1978 quod
1464 1935 1561 1978 priori
1578 1935 1647 1967 vice

313 1992 477 2031 lzeseram3
516 1990 612 2021 simul
643 1991 728 2021 enim
765 2002 801 2021 ac
834 1990 1021 2034 scalpellum
1053 2001 1163 2021 meum
1193 1990 1227 2020 in
1264 1989 1408 2020 Thorace
1445 1990 1646 2032 penetravit,

315 2045 468 2089 asphyxia
487 2045 667 2088 periturum
688 2044 750 2089 jam
768 2044 891 2089 jacebat
907 2043 1041 2086 animal,
1057 2045 1091 2076 in
1112 2044 1173 2075 hoc
1189 2049 1273 2075 statu
1290 2054 1348 2087 per
1363 2044 1508 2087 quinque
1523 2043 1647 2074 minuta

1464 2128 1472 2140 Χ

1486 2183 1491 2195 l
