1747 2620
710 212 721 255 (
744 213 784 245 27
810 211 822 254 )

103 295 394 333 defraudarentur,
426 291 487 323 nisi
515 299 643 321 omnem
675 297 787 318 earum
813 282 1063 327 perlectionem,
1101 281 1135 312 in
1162 279 1285 325 jurium
1313 279 1442 312 illorum

103 352 265 396 agnitione
295 349 495 386 elucentem,
520 352 728 387 exponamus.

148 439 206 469 IX.
239 436 433 468 Primarium
461 432 571 464 tutelae
594 429 754 461 extraneis
782 426 896 458 debitae
920 424 1082 468 objectum
1107 423 1255 455 efformat
1280 433 1445 463 persona-

103 505 175 525 rum
208 492 345 522 libertas
373 495 476 531 alque
501 486 678 517 securitas.
718 483 879 525 Respectu
905 479 992 510 illius
1019 479 1105 521 viget
1132 478 1165 508 in
1187 476 1320 518 Belgio,
1346 476 1445 506 immo

108 546 223 578 Codice
245 545 357 576 futuro
380 541 515 585 repetita
534 546 581 571 est
595 539 648 570 lex
670 539 708 568 21
728 534 846 578 Aprilis
867 533 949 567 1791
963 557 971 572 ,
993 532 1056 575 qua
1079 531 1247 570 statuitur,
1269 529 1447 573 quemlibet

104 603 137 633 in
161 610 297 643 regumn
321 597 545 629 advenientem
567 595 636 637 ipso
660 592 731 636 jure
753 590 893 621 liberum
912 587 998 626 fore,
1022 586 1191 628 omnisque
1212 585 1349 617 servitus
1370 595 1448 626 pro—

103 654 264 687 scribitur.
296 651 429 683 Foedera
454 650 550 681 etiam
573 646 703 691 publica
727 657 743 675 a
768 654 844 686 rege
865 647 972 672 nostro
996 641 1075 671 inita
1101 645 1175 671 sunt
1201 638 1241 670 ad
1266 638 1447 669 tollendum

103 708 259 740 infamem
270 706 359 737 illam
375 704 571 736 coloniarum
588 706 728 744 pestem,
745 696 897 728 Afrorum
910 695 1127 726 inhumanum
1143 694 1375 725 commercium
1387 692 1446 734 (1).

104 763 319 794 Personarum
342 759 439 790 etiam
463 757 614 794 libertas,
644 759 804 797 quatenus
827 751 862 782 in
885 761 918 781 se
944 748 1189 792 comprehendit
1208 748 1259 791 jus
1286 748 1319 778 in
1349 748 1449 779 vitam

106 815 310 859 corporisque
341 813 441 851 vires,
473 816 506 842 et
527 809 578 854 ‘jus
603 808 692 839 bonae
721 806 815 837 famae
842 810 874 835 et
894 803 1153 842 existimationis,
1185 802 1240 833 lib.
1268 802 1304 841 3,
1330 802 1380 832 tit.
1407 803 1448 841 2,

105 882 175 913 cap.
190 872 220 901 1.
240 868 317 900 Cod.
333 878 421 914 poen.
435 865 564 908 egregie
579 861 763 906 adjuvatur.
785 860 834 890 'Ex
846 869 910 901 quo
926 859 998 888 satis
1010 863 1112 900 patet,
1128 857 1334 888 securitatem
1350 855 1449 887 etiam

106 934 316 967 personarum
339 920 473 952 subditis
496 919 531 948 in
555 916 667 958 Belgio
689 913 799 944 tribui.
828 912 902 943 Haec
928 917 1035 942 autem
1059 916 1214 954 praeterea
1241 909 1450 953 sequentibus

105 978 200 1019 Legis
234 974 328 1006 fund.
357 971 499 1004 articulis
523 969 657 1001 subditis
684 967 852 1007 omnibus,
880 966 992 997 incolis
1022 972 1054 997 et
1084 965 1245 996 extraneis
1273 965 1449 1004 asseritur,

107 1031 229 1062 scilicet
252 1035 311 1060 art.
336 1027 399 1058 168
421 1025 549 1056 statuit:
580 1035 598 1054 ))
610 1023 801 1061 Neminem,
823 1026 959 1063 excepto
982 1031 1058 1050 casu
1075 1018 1187 1049 delicti
1208 1018 1385 1057 manifesti,
1415 1017 1452 1048 in

109 1096 128 1115 ))
147 1093 307 1114 carcerem
329 1078 446 1122 conjici
466 1087 573 1120 posse,
602 1077 661 1106 nisi
685 1086 723 1107 ex
745 1074 860 1119 judicis
883 1073 1048 1113 mandam,
1072 1072 1159 1116 quod
1179 1072 1338 1114 legitimas
1360 1083 1451 1103 com-

108 1150 128 1170 »
144 1135 363 1181 prehensionis
381 1142 490 1164 causas
504 1131 697 1170 enunciare,
717 1135 815 1172 atque
831 1139 907 1160 cum
924 1127 1140 1170 deprehenso,
1160 1126 1211 1158 vel
1227 1126 1261 1156 in
1276 1126 1344 1168 ipso
1361 1137 1452 1158 com—

108 1204 127 1224 »
143 1188 364 1234 prehensionis
392 1191 555 1218 momento
570 1209 578 1225 ,
609 1183 662 1217 vel
686 1184 840 1214 continuo
871 1187 942 1224 post
970 1192 1040 1212 eam
1064 1179 1160 1211 debet
1185 1179 1449 1211 communicari.''

105 1247 175 1278 Art.
194 1245 273 1276 169:
298 1255 316 1275 ))
333 1241 430 1281 Quod
446 1242 470 1272 si
492 1240 579 1283 quiS,
599 1238 639 1270 ob
654 1237 908 1270 circumstantias
924 1233 1189 1266 extraordinarias
1205 1234 1451 1277 magistratuum

109 1312 129 1332 ))
146 1298 264 1343 politiae
284 1297 374 1341 jussu
396 1295 497 1326 fuerit
518 1292 786 1336 comprehensus,
812 1291 838 1321 is
861 1300 901 1321 ex
922 1288 1015 1332 cujus
1035 1287 1184 1319 mandato
1207 1287 1450 1330 comprehensio

108 1367 127 1387 ))
143 1355 227 1386 facta
255 1358 320 1392 est,
347 1361 418 1382 eam
440 1349 613 1380 minimum
642 1348 726 1377 intra
750 1345 813 1375 diei
834 1344 974 1386 spatium
994 1341 1094 1386 judici
1120 1341 1213 1372 locali
1232 1341 1449 1382 denunciare,

108 1417 304 1450 »reumque
323 1404 362 1436 ad
382 1414 547 1435 summum
569 1402 652 1432 intra
676 1399 822 1431 triduum
847 1402 1075 1440 repraesentare
1103 1394 1265 1427 tenetur.”
1291 1395 1361 1426 Art.
1385 1395 1450 1428 166

109 1468 143 1494 et
163 1462 245 1495 167:
272 1460 447 1491 »Potestas
469 1454 643 1502 judicialis,
664 1459 792 1485 tantum
813 1464 829 1483 a
850 1451 977 1496 judiciis
998 1451 1084 1494 Lege
1101 1449 1212 1489 fund.,
1232 1449 1284 1482 vel
1299 1450 1334 1480 in
1351 1449 1451 1494 hujus

110 1527 130 1547 ))
147 1515 226 1558 legis
249 1512 509 1556 consequentiam
538 1508 717 1541 constitutis
738 1506 881 1538 exerceri
903 1510 1022 1548 potest,
1056 1504 1288 1546 neminemque
1309 1503 1451 1536 invitum

112 1568 290 1612 »legitimo
316 1566 416 1610 judici
441 1564 621 1597 subducere
646 1560 753 1593 licet.⁷’
784 1560 852 1591 Art.
882 1560 960 1593 170:
998 1557 1162 1589 »Nemini
1194 1557 1326 1589 alterius
1356 1557 1451 1590 inviti

112 1621 346 1655 »domicilium
377 1621 497 1650 intrare
527 1618 574 1649 fas
603 1622 670 1656 est,
704 1615 764 1646 nisi
792 1614 881 1658 jussu
913 1613 1116 1656 magistratus
1149 1623 1247 1655 quem
1276 1611 1329 1642 lex
1355 1611 1394 1642 ad
1418 1611 1452 1642 id

113 1689 132 1709 ³)
149 1680 384 1719 competentem
420 1673 581 1713 declarat,
617 1671 812 1713 servatisque
841 1666 1084 1700 solennitatibus
1120 1665 1192 1708 lege
1224 1664 1450 1708 praescriptis.'’

113 1730 181 1762 Art.
195 1731 259 1764 172
271 1735 303 1760 et
315 1729 397 1768 174:
419 1739 437 1759 ))
456 1727 569 1758 Omnis
588 1725 744 1757 sententia
761 1722 918 1767 poenaliS,
940 1721 1004 1765 qua
1024 1731 1098 1752 reus
1119 1719 1306 1759 damnatur,
1327 1720 1450 1751 crimen

114 1796 134 1816 )>
150 1783 219 1828 ejus
240 1783 413 1815 enunciare
435 1787 532 1825 atque
553 1779 751 1819 describere,
779 1776 941 1820 simulque
966 1776 1045 1819 legis
1066 1774 1301 1817 dispositiones,
1333 1773 1451 1817 quibus

114 1851 134 1870 ))
151 1849 249 1881 poena
270 1836 396 1868 decreta
417 1836 577 1876 sancitur,
598 1833 721 1866 referre
742 1831 855 1872 debet,
875 1831 1042 1862 sententiae
1060 1839 1188 1873 quoque
1208 1830 1293 1860 inter
1310 1829 1450 1872 privatos

115 1905 134 1924 ))
150 1893 239 1932 latae,
270 1902 396 1930 causas,
431 1890 547 1934 quibus
572 1890 744 1928 nituntur,
771 1887 946 1918 enunciare
973 1883 1110 1924 debent3
1136 1893 1196 1914 nec
1222 1881 1307 1923 ulla,
1334 1883 1394 1914 nisi
1415 1884 1449 1914 in

114 1959 134 1978 ))
149 1945 279 1990 publico
291 1970 299 1986 ,
327 1946 483 1976 sententia
504 1950 551 1976 est
568 1940 848 1987 'pronuncianda''

132 2001 1443 2019 ——-————-—--—-——-——-—-——————

174 2041 219 2070 (ι)
235 2039 273 2062 Cf.
289 2039 425 2062 Conventio
442 2039 456 2060 4
471 2038 510 2061 die
530 2038 589 2061 Maii
609 2038 666 2061 1818
683 2038 697 2061 ἐι
714 2037 779 2068 Rege
801 2040 884 2059 nostro
902 2041 956 2058 cum
976 2034 1071 2065 Maguae
1089 2032 1223 2057 Britauniae
1247 2033 1310 2063 Rege
1330 2031 1405 2061 inita,
1425 2035 1449 2054 et

115 2071 188 2103 Leges
207 2078 236 2094 20
253 2070 317 2095 Nov.
338 2070 396 2093 1818
413 2073 436 2093 et
453 2069 481 2092 23
500 2068 558 2092 Dec.
580 2069 646 2097 1824.
888 2085 891 2086 γ
