1747 2620
919 280 1033 324 (14)

899 393 923 436 g
967 394 1031 425 111.

353 491 589 512 SINGULORUM
623 490 789 511 HOMINUM
821 489 861 510 ΕΤ
893 489 1077 510 ΝΛΤῘΟΝΌΜ
1111 489 1344 511 xN'rEGnARUM
1382 489 1586 512 CONSENSIO.

352 586 393 616 Et
414 596 489 616 sane
511 585 536 616 si
556 596 623 616 rem
644 584 821 615 accuratius
845 583 1095 623 consideremus,
1118 585 1251 627 singulis
1271 590 1303 616 et
1322 583 1469 616 omnibus
1488 584 1630 615 homini-

307 638 366 669 bus
386 638 445 668 hac
465 637 504 668 de
525 648 560 668 re
579 648 764 679 persuasum
787 647 869 675 esse,
890 635 989 667 latere
1009 647 1066 666 nos
1086 647 1150 667 non
1174 643 1287 679 potest.
1319 637 1444 680 Cuique
1465 637 1550 667 enim
1569 636 1630 667 ho-

306 691 385 721 mini
410 690 496 721 cordi
520 696 613 730 sunt,
640 689 738 732 idque
765 690 921 728 maxime,
947 699 1018 731 quae
1043 694 1112 731 post
1140 695 1274 720 mortem
1300 689 1411 720 futura
1431 690 1515 720 sint:
1547 690 1629 720 inest

306 742 452 774 omnibus
474 754 549 773 cura
572 743 708 773 nominis
729 742 762 772 in
783 747 921 783 posteros
941 741 1135 783 propagandi
1154 747 1186 772 et
1208 741 1318 772 futura
1343 742 1439 772 etiam
1463 752 1517 772 eos
1540 741 1628 783 cogi—

306 802 372 827 tare
397 801 553 826 testantur
578 795 745 826 hominum
769 795 907 825 actiones
931 794 1019 824 haud
1044 805 1165 836 paucae.
1201 794 1238 824 In
1264 805 1301 825 eo
1326 804 1434 824 omnes
1455 798 1487 823 et
1508 793 1628 835 singuli

305 849 358 881 vel
377 849 470 879 tacite
489 849 702 887 conveniunt,
724 847 921 878 existentiam
944 858 1033 878 suam
1050 858 1113 877 non
1131 846 1257 885 iisdem,
1278 846 1395 889 quibus
1412 846 1495 876 hanc
1514 847 1626 885 vitam,

305 902 421 933 finibus
441 902 645 932 terminatum
667 902 726 938 iri,
757 900 810 931 sed
832 901 966 942 augurio
995 900 1131 942 quodam
1145 923 1153 939 ,
1179 899 1279 930 cuivis
1305 899 1433 938 innato,
1465 898 1505 929 ad
1529 899 1627 930 vitam

304 954 464 996 quondam
484 959 555 996 post
573 953 655 983 hanc
674 953 817 983 futuram
837 953 1026 994 cogitatione
1046 964 1136 983 mens
1155 952 1312 983 evehitur.
1339 952 1405 982 Hac
1424 951 1554 994 quidem
1573 963 1628 994 spe

303 1005 516 1048 impelluntur
536 1004 683 1036 mortales
704 1004 743 1035 ad
764 1005 916 1036 maximos
934 1004 1055 1035 labores
1077 1004 1214 1035 libenter
1229 1003 1435 1034 exantlandos
1454 1010 1486 1034 et
1507 1005 1628 1046 gravis—

303 1059 395 1089 simas
415 1058 577 1100 praesentis
597 1059 669 1089 vitae
690 1057 881 1088 calamitates
902 1069 993 1099 aequo
1013 1058 1119 1088 animo
1138 1056 1295 1087 ferendas.
1320 1056 1399 1087 Inde
1418 1056 1458 1086 ad
1478 1057 1627 1098 praeclara

303 1111 421 1154 quaevis
441 1110 671 1145 adducti-sunt
696 1110 778 1140 tanti
803 1110 883 1148 viri,
918 1115 950 1140 et
975 1109 1026 1140 vel
1048 1109 1141 1140 hilari
1164 1110 1269 1140 animo
1291 1115 1442 1148 mortem,
1469 1108 1524 1140 ubi
1547 1120 1627 1151 opus

302 1169 387 1202 erat,
409 1163 587 1194 subierunt.
613 1162 658 1192 Ita
679 1162 840 1194 verissime
861 1161 941 1192 dixit
960 1162 1085 1201 Cicero,
1111 1168 1259 1192 naturam
1278 1162 1378 1204 ipsam
1400 1161 1439 1192 de
1459 1163 1626 1192 immorta—

302 1217 390 1248 litate
416 1217 594 1247 animorum
626 1216 754 1246 tacitam
780 1214 922 1258 judicare
942 1215 1010 1257 (1),
1044 1225 1180 1256 eamque
1210 1213 1249 1245 ab
1280 1214 1413 1256 singulis
1442 1214 1625 1245 hominibus

301 1270 389 1313 quasi
407 1269 515 1299 sentiri
536 1279 593 1310 per
607 1279 639 1299 se
659 1269 770 1310 ipsam.
796 1267 858 1298 Sed
877 1267 972 1309 quid,
993 1278 1068 1297 cum
1086 1267 1337 1298 luculentissima
1353 1267 1552 1310 integrarum
1566 1278 1626 1298 na-

300 1324 424 1354 tionum
443 1321 619 1352 testimonia
642 1320 760 1359 adsint,
782 1320 822 1351 de
842 1320 975 1362 singulis
994 1319 1179 1362 loquimur?
1205 1319 1353 1350 Vidimus
1372 1319 1435 1362 jam
1456 1331 1513 1362 pro
1535 1326 1625 1362 parte

300 1376 340 1406 de
360 1375 529 1417 AEgyptiis,
556 1373 661 1412 Getis,
689 1372 792 1403 Cascis
814 1372 875 1403 illis
895 1378 927 1403 et
953 1372 1179 1415 antiquissimis
1203 1371 1314 1403 Galliae
1334 1372 1462 1410 incolis,
1493 1378 1531 1403 ut
1557 1372 1625 1402 fere

299 1439 378 1471 opus
399 1439 463 1458 non
482 1428 536 1465 sit,
556 1426 664 1468 plures
683 1425 736 1456 hic
756 1424 872 1456 addere
892 1425 1045 1455 nationes.
1067 1424 1138 1455 Non
1159 1424 1294 1455 dubium
1313 1430 1360 1455 est
1379 1424 1456 1466 quid
1479 1423 1625 1455 credide-

299 1482 364 1512 rint
385 1480 471 1519 Indi,
497 1490 635 1522 quorum
654 1478 887 1516 Bmchmanes,
907 1482 986 1507 teste
1004 1476 1173 1515 Strabone,
1199 1481 1395 1507 censuerunt
1419 1476 1501 1507 hanc
1524 1477 1622 1509 vitam

298 1533 473 1576 putandam
493 1543 558 1563 esse
584 1532 672 1574 quasi
698 1530 868 1573 quemdam
890 1529 1057 1560 hominum
1079 1534 1286 1570 conceptum,
1311 1534 1446 1559 mortem
1468 1540 1542 1560 vero
1563 1541 1623 1560 na-

298 1587 453 1617 tivitatem
469 1585 508 1615 ad
530 1595 637 1617 veram
659 1583 747 1615 illam
768 1589 801 1614 et
815 1583 941 1614 felicem
964 1583 1059 1614 vitam
1078 1581 1136 1624 (2).
1162 1582 1213 1612 Sic
1234 1581 1399 1613 Gallorum
1419 1582 1568 1622 Druidae,
1587 1589 1623 1614 ut

297 1638 397 1670 refert
422 1638 541 1676 Caesar,
570 1636 715 1679 inprimis
737 1636 797 1667 hoc
821 1635 967 1668 volebant
994 1634 1201 1677 persuadere,
1229 1646 1294 1665 non
1320 1635 1452 1666 interire
1476 1635 1619 1674 animos;

298 1697 394 1733 atque
404 1690 464 1721 hoc
478 1690 615 1720 maxime
630 1689 669 1720 ad
685 1689 833 1721 virtutem
847 1688 976 1720 excitari
988 1687 1158 1731 putabant,
1175 1693 1265 1718 metu
1280 1688 1389 1718 mortis
1404 1687 1551 1730 neglecto
1561 1687 1619 1730 (3).

298 1803 409 1826 Senecam
424 1802 548 1826 sententia)
562 1803 591 1825 de
605 1802 656 1825 vita
669 1806 691 1825 et
706 1805 769 1824 statu
785 1802 921 1824 animorum
937 1804 989 1830 post
1003 1805 1105 1823 mortem
1119 1801 1235 1831 corporis.
1258 1799 1372 1829 Ejusdem
1388 1799 1495 1830 quinque
1508 1799 1621 1822 lectiones

297 1842 367 1864 ed'uae
381 1849 393 1863 a
411 1842 443 1864 G.
458 1842 489 1864 L.
508 1841 612 1869 Mahne,
627 1841 680 1864 viro
697 1841 729 1863 cl.
749 1840 876 1869 Gandavi,
897 1841 962 1863 1824.
984 1841 1007 1863 J.
1028 1840 1129 1870 Operiui
1145 1840 1206 1863 hist.
1222 1840 1278 1863 crit.
1298 1839 1414 1862 doctrinae
1433 1839 1461 1862 de
1477 1839 1621 1862 immortali-

299 1885 347 1903 tate
363 1880 509 1903 animorum.
532 1881 624 1903 Hamb.
635 1898 641 1909 ,
659 1880 726 1910 1755.
749 1880 772 1903 J.
790 1880 818 1902 F.
834 1881 903 1903 Cotta
920 1880 1021 1902 historia
1034 1880 1156 1903 succincta
1171 1879 1289 1910 dogmatis
1305 1879 1333 1901 de
1350 1878 1402 1902 vita
1417 1883 1517 1902 aeterna.
1537 1879 1601 1902 Tub.
1612 1896 1618 1907 ‚

301 1927 385 1948 177⁰·;
401 1924 425 1942 et
439 1920 467 1942 C.
484 1921 514 1943 L.
534 1920 620 1944 Struve
635 1920 695 1943 hist.
713 1919 828 1942 doctrinm
845 1920 925 1942 Graec.
943 1927 968 1942 ac
984 1919 1059 1942 Rom.
1077 1919 1141 1949 phil.
1161 1919 1189 1942 de
1206 1923 1269 1941 statu
1285 1918 1422 1940 animorum
1436 1923 1491 1948 post
1502 1922 1615 1942 mortem.

300 1959 368 1981 1802.
390 1958 420 1981 Et
432 1959 537 1981 historiae
555 1959 696 1989 philosoph.
718 1958 844 1989 scriptores
856 1959 974 1986 Brucker,
994 1958 1110 1986 Meiuers,
1131 1957 1221 1987 Buhle,
1238 1957 1401 1987 Tiedemaun,
1424 1957 1478 1981 alii.

358 1998 391 2027 (ι)
407 1997 458 2019 Cic.
478 1998 551 2020 Tusc.
570 2003 655 2028 quaest.
676 1998 696 2021 1.
716 1999 739 2020 1.
758 2006 781 2020 c.
802 1998 828 2020 14
842 2002 866 2021 et
885 1999 921 2021 15.
943 1997 978 2020 cf.
1000 1997 1028 2020 de
1043 2001 1132 2020 seuect.
1150 2005 1173 2020 c.
1193 1997 1233 2020 23.

356 2037 389 2066 (2)
406 2036 490 2059 Strabo
506 2037 535 2059 de
552 2037 708 2067 geographia,
725 2038 772 2060 lib.
792 2037 851 2061 XV.

357 2076 389 2106 (3)
405 2075 482 2099 Caesar
499 2075 528 2098 de
544 2076 607 2099 bello
623 2076 731 2106 Gallico,
752 2077 797 2100 lib.
819 2076 867 2100 VI.
