1747 2620
127 243 279 258 “ff“
283 243 371 258 ‘t‘
375 242 462 257 ‘5¹‘
467 240 1311 257 “tt-'‘J“‘ffleffff“stt“‘oe‘s‘tt
1315 243 1342 256 ‘-
1346 242 1372 256 Ι
1376 242 1466 256 ,rt-‘⁸

339 437 749 481 ANATOMIA
837 438 1252 480 THORACIS.

627 810 775 844 SECTIO
821 811 962 844 PRIOR.

547 916 695 937 PARTES
744 916 1042 937 CONTINENTES.

170 1028 298 1060 Thorax
319 1028 436 1061 cavitas
456 1033 503 1059 est
523 1027 708 1071 irregularis
724 1027 796 1059 coni
816 1028 953 1071 figuram
976 1028 1100 1069 ferens,
1126 1027 1221 1072 cujus
1242 1039 1321 1071 apex
1339 1040 1467 1061 sursum

123 1082 204 1114 basis
229 1082 377 1113 deorsum
399 1087 463 1121 est,
488 1082 687 1124 superiorem
717 1082 823 1113 trunci
849 1087 974 1124 partem
1000 1093 1177 1125 occupans,
1201 1083 1286 1113 inter
1311 1084 1467 1114 extremi-

122 1140 221 1166 tatem
246 1134 433 1166 inferiorem
460 1133 533 1165 colli
561 1140 594 1165 et
619 1145 735 1166 cavum
757 1133 958 1166 abdominale
985 1135 1054 1166 sita.
1087 1134 1166 1179 Ejus
1191 1135 1309 1166 limites
1334 1137 1379 1167 sic
1402 1137 1467 1168 cir-

121 1187 398 1221 cumscribuntur:
418 1188 574 1231 posterior
593 1199 666 1231 pars
685 1187 843 1219 limitatur
864 1187 1015 1220 columna
1030 1188 1219 1227 vertebrali,
1236 1188 1376 1221 lateralis
1396 1201 1466 1221 cos—

119 1243 160 1274 tis
181 1249 247 1274 tam
269 1243 352 1275 veris
373 1254 471 1286 quam
491 1242 625 1285 spuriis,
648 1242 789 1273 anterior
809 1247 915 1273 sterno
935 1248 969 1273 et
993 1241 1333 1286 fibro-cartilaginibus
1360 1250 1464 1275 costa-

119 1295 223 1337 libus,
254 1297 401 1340 superior
423 1296 526 1339 prima
553 1295 638 1327 costa
667 1301 700 1327 et
731 1295 866 1327 inferior
892 1295 1032 1339 denique
1057 1295 1314 1340 diaphragmate.
1348 1297 1466 1329 Omnia

119 1361 238 1393 organa
264 1361 337 1393 quae
361 1350 540 1382 Thoracem
566 1349 786 1389 circumdant,
813 1355 846 1381 et
866 1349 1006 1381 musculi
1031 1349 1081 1381 his
1110 1349 1195 1381 affixi
1223 1349 1349 1382 thecam
1375 1352 1467 1394 quasi

118 1404 260 1436 formant
280 1415 536 1436 osseo-carneam
555 1410 669 1436 caetera
690 1414 808 1446 organa
830 1403 1066 1444 continentem,
1090 1403 1229 1447 ideoque
1252 1404 1307 1436 illa
1330 1405 1467 1437 fuerunt

118 1464 225 1501 partes
247 1458 447 1490 continentes
468 1457 551 1490 dicta
564 1482 573 1499 ,
597 1457 676 1490 dum
691 1463 801 1490 autem
820 1469 939 1501 organa
955 1457 1016 1490 hac
1035 1459 1172 1491 cavitate
1193 1458 1317 1491 inclusa
1334 1460 1467 1492 nomine

118 1512 260 1555 partium
281 1518 505 1544 contentarum
527 1512 747 1556 designantur.

164 1564 396 1608 Complectitur
410 1566 540 1598 Thorax
556 1572 662 1610 partes
682 1566 869 1598 oeconomiae
889 1567 1038 1599 animalis,
1057 1567 1284 1609 nobilissimas,
1302 1568 1341 1600 ad
1365 1568 1465 1601 vitam

118 1618 360 1651 sustentandam
382 1631 479 1663 quam
505 1621 645 1653 maxime
670 1620 878 1662 necessarias,
900 1622 1064 1665 praecipua
1086 1621 1209 1654 scilicet
1229 1622 1462 1663 circulationis‚

117 1673 335 1715 respirationis
352 1679 450 1717 atque
472 1675 649 1718 systematis
667 1675 858 1719 lymphatici
877 1687 1012 1720 organa,
1035 1687 1176 1720 quorum
1194 1676 1330 1710 vulnera
1350 1678 1465 1721 saepius

118 1725 268 1759 lethifera
297 1732 393 1767 sunt,
418 1728 595 1771 mortisque
623 1729 713 1761 vario
735 1740 872 1772 genere,
901 1730 1010 1773 prouti
1034 1730 1248 1763 diversimodo
1268 1730 1463 1774 infliguntur

119 1778 248 1811 miseros
284 1781 440 1813 sauciatos
474 1780 630 1814 afficiunt.
668 1783 857 1816 Diutissime
888 1784 1028 1817 solarum
1056 1785 1200 1827 partium
1234 1790 1460 1817 contentarum

119 1831 268 1864 Thoracis
287 1834 421 1867 vulnera
446 1835 584 1867 fuerunt
604 1835 734 1869 lethalia
756 1837 886 1879 habita,
913 1838 969 1870 sed
990 1838 1147 1878 tenebris,
1173 1837 1291 1881 quibus
1318 1839 1460 1871 circum-

117 1884 323 1927 volvebatur,
340 1887 470 1932 jamjam
491 1895 582 1921 eruta
597 1890 800 1935 Physiologia
823 1903 883 1923 nos
904 1891 1030 1932 docuit,
1055 1897 1162 1934 partes
1181 1892 1337 1924 Thoracis.
1353 1893 1459 1925 conti-

118 1945 234 1971 nentes
256 1940 342 1972 laesas
361 1949 496 1975 mortem
520 1955 652 1988 quoque
670 1957 755 1990 saepe
776 1946 968 1989 producere.
996 1945 1181 1988 Antequam
1207 1945 1247 1977 ad
1269 1946 1377 1990 plagas
1399 1958 1459 1978 ex—

116 1992 282 2035 ponendas
305 1995 510 2037 accedamus,
539 1999 629 2040 prius
653 1999 694 2031 de
717 1999 886 2031 Anatomia
912 2005 945 2031 et
968 1998 1170 2043 Physiologia
1191 2000 1334 2044 partium
1352 2001 1458 2032 conti-

117 2047 267 2079 nentium
290 2053 323 2080 et
343 2054 566 2083 contentarum
586 2052 737 2085 Thoracis
763 2052 860 2087 verba
879 2053 1012 2085 faciam.
