1747 2620
703 282 815 326 (75)

90 361 207 394 exinde
228 367 306 393 tnnc
323 360 439 392 eximie
458 357 631 391 turbentur
652 363 750 401 atque
769 362 1032 389 commoveantur
1048 358 1167 391 viscera
1183 359 1371 402 pectoraliw,
1397 367 1430 393 et

90 428 127 448 eo
149 416 217 447 haec
239 415 373 448 vulnera
394 414 493 456 magis
513 419 652 444 nostram
675 412 886 443 attentionem
907 417 1093 453 merentur,
1125 413 1211 456 quod
1233 415 1336 457 primo
1360 427 1431 447 mo·-

90 476 200 501 mento
221 470 328 512 gravia
349 479 414 499 non
435 472 610 510 appareant
628 467 691 509 (1),
715 466 769 497 sed
790 472 897 509 postea
918 466 951 497 in
973 468 1150 499 maximum
1170 468 1242 500 vitae
1260 468 1432 501 discrimen

89 524 245 555 sauciatos
265 520 447 566 conjiciant.
474 520 580 566 Hujus
598 521 644 552 rei
664 521 697 551 in
720 520 906 563 exemplum
927 521 1029 552 refert
1050 522 1151 562 Petit,
1175 523 1231 565 qui
1252 524 1371 555 eximie
1393 523 1432 555 de

89 577 140 609 his
160 575 341 608 laesionibus
359 575 500 618 scripsit,
522 581 710 618 sequentem
730 574 983 607 observationem
998 587 1003 606 :
1027 587 1045 607 ))
1062 576 1191 609 Vulnus
1206 577 1432 621 sclopetarium

90 636 232 661 »sterno
252 628 418 673 cujusdam
438 628 615 668 inflictum,
639 635 704 659 tam
725 628 796 660 leve
817 627 996 672 judicatum
1018 630 1097 669 fuit,
1124 637 1161 662 ut
1184 631 1329 674 neglecta
1350 632 1433 662 inci—

90 695 109 715 »
125 684 230 723 sione,
253 682 301 714 bis
324 683 424 714 fuerit
449 684 576 726 sanguis
598 682 720 713 homini
745 681 942 714 substractus
966 690 997 714 et
1017 684 1107 727 plaga
1133 685 1288 728 digestivo
1307 685 1433 729 liquore

89 750 109 770 ))
127 737 245 778 diluta;
267 737 384 769 vulnus
399 736 528 781 jamjam
546 737 585 768 ad
601 737 866 768 cicatrisationem
882 737 1076 779 productum
1093 738 1279 779 videbatur,
1295 745 1327 770 et
1343 751 1433 771 suam

90 804 109 823 ))
125 791 188 836 jam
208 790 368 835 legionem
388 791 539 834 repetivit
559 790 667 830 miles3
689 796 736 821 ast
757 791 843 821 enim
864 797 934 833 post
949 803 1067 834 paucos
1083 791 1166 832 dies,
1186 793 1277 825 febre
1298 795 1434 837 corripi-

89 857 109 878 »
126 851 196 886 tur,
218 857 315 888 quam
340 846 499 876 incassum
525 844 685 876 debellare
708 845 884 877 voluerunt
911 845 1038 876 medici.
1066 846 1292 878 Nosocominm
1314 848 1434 879 iterum

90 912 110 932 ))
125 901 285 943 ingressus
297 905 343 930 est
355 899 527 942 omniaque
540 898 712 930 exhibebat
724 905 934 942 symptomata
948 899 1142 931 collectionis
1153 901 1339 944 purulentae
1351 902 1435 933 circa

89 966 109 985 ))
124 959 280 985 sternum.
307 953 337 984 J.
356 954 392 984 L.
414 954 499 984 Petit
523 953 642 985 vulnus
663 953 856 996 exploravit,
884 960 916 984 et
937 960 1081 986 sternum
1101 966 1212 987 revera
1231 956 1359 987 nudum
1382 967 1436 988 re-

90 1019 110 1039 »
126 1008 232 1050 periit.
259 1006 382 1038 Tabula
402 1007 476 1037 ossis
495 1012 627 1038 externa
649 1008 774 1039 terebra
795 1008 969 1040 exfoliante
990 1008 1093 1040 ablata
1113 1010 1178 1042 fuit
1197 1017 1229 1041 et
1246 1012 1345 1042 sterni
1366 1011 1436 1042 fere

91 1073 109 1092 ))
128 1067 191 1092 tota
206 1060 380 1092 substantia
401 1060 555 1103 diploma,
575 1073 637 1104 pus
652 1062 803 1104 equidem
821 1062 944 1102 exibat,
963 1063 1017 1103 sed
1035 1069 1142 1095 tamen
1159 1064 1319 1096 abscessus
1335 1065 1437 1096 fomes

91 1127 110 1146 >)
125 1115 270 1146 nondum
288 1121 434 1157 repertus
451 1115 636 1155 videbatur3
658 1127 696 1146 ex
715 1127 782 1146 osse
798 1116 960 1158 perforato
976 1128 1036 1158 pus
1053 1117 1160 1148 exibat
1173 1124 1205 1148 et
1219 1118 1437 1160 perforatione

91 1181 110 1200 ))
126 1168 260 1200 adaucta
284 1168 424 1199 multum
445 1169 544 1199 saniei
565 1167 756 1210 profluebat.
773 1165 850 1199 Hac
866 1170 1051 1211 operatione
1067 1170 1151 1202 facta
1168 1177 1200 1202 et
1220 1171 1326 1203 debita
1344 1172 1437 1215 apta-

92 1234 190 1266 »que
216 1223 381 1254 curatione
407 1223 570 1262 instituta,
602 1223 736 1254 sanitate
762 1222 818 1254 sua
848 1235 958 1254 rursus
981 1225 1101 1266 potitus
1126 1231 1173 1255 est
1195 1226 1356 1257 sauciatus
1381 1225 1437 1258 ille

91 1288 110 1308 ))
126 1277 183 1320 qui
205 1282 291 1307 certe
312 1276 472 1319 periisset,
493 1276 554 1307 nisi
573 1276 642 1307 haec
661 1277 804 1319 operatio
824 1283 958 1308 mortem
979 1277 1106 1321 jamjam
1128 1279 1325 1310 eminentem
1342 1291 1437 1312 aver-

91 1342 110 1362 ))
127 1328 246 1361 tisset.”
272 1329 366 1360 Haud
389 1335 497 1360 tamen
517 1340 626 1360 omnes
643 1329 693 1360 hae
708 1329 851 1361 laesiones
871 1336 934 1361 tam
952 1331 1075 1362 infelici
1091 1333 1182 1364 exitu
1202 1334 1435 1366 terminantur:

90 1382 325 1415 observationes
351 1382 477 1422 multae,
505 1382 681 1425 crebraque
708 1383 808 1414 relata
834 1389 1002 1415 auctorum
1032 1386 1225 1418 contrariam
1250 1388 1436 1431 opinionem

91 1438 221 1470 omnino
247 1437 483 1478 demonstrant3
511 1448 609 1480 penes
630 1448 740 1468 omnes
767 1436 806 1468 de
835 1449 870 1468 re
891 1437 1073 1482 chirurgica
1095 1441 1264 1483 scriptores
1286 1441 1436 1484 exempla

90 1492 300 1535 reperiuntur
331 1502 521 1534 magnarum
552 1490 720 1534 plagarum
749 1497 956 1523 contusarum
978 1493 1018 1524 ad
1037 1495 1234 1527 sanationem
1261 1495 1437 1538 perducta-

93 1556 184 1584 rum,
201 1551 233 1575 et
248 1544 348 1575 multa
366 1556 488 1587 possem
504 1551 601 1588 atque
616 1545 732 1576 eximia
749 1545 871 1577 referre
890 1557 928 1577 ex
947 1547 1097 1590 operibus
1111 1549 1213 1589 Petit,
1236 1548 1436 1589 Richerand‚

92 1599 211 1640 Larrey
232 1597 475 1641 multorumque
492 1598 628 1631 aliorum
645 1599 833 1643 deprompta
845 1624 853 1639 ‚
875 1600 1039 1633 brevitatis
1058 1608 1166 1634 tamen
1181 1597 1282 1646 gratia
1300 1604 1436 1635 unicum

92 1651 316 1684 tantummodo
340 1652 394 1683 hic
414 1652 552 1696 adjicere
576 1654 702 1685 animus
727 1661 790 1695 est,
819 1654 905 1697 quod
932 1667 1028 1699 grave
1051 1656 1205 1699 quidem,
1227 1657 1282 1688 sed
1307 1658 1436 1701 egregie

92 1712 201 1737 tamen
223 1711 387 1746 sanatum,
414 1706 534 1739 vulnus
559 1714 714 1739 monstrat
736 1709 795 1752 (2).
826 1709 952 1741 »Miles
973 1710 1104 1753 quidam
1128 1712 1319 1755 conspicuus
1342 1711 1435 1755 globo

94 1772 113 1792 ))
129 1761 282 1792 tormenti
300 1760 469 1793 brachium
490 1762 628 1795 alterum
645 1763 788 1795 oblatum
808 1763 939 1805 habuit,
961 1771 994 1796 et
1008 1765 1105 1797 simul
1121 1767 1341 1798 contusionem
1357 1778 1436 1810 pec-

95 1815 206 1847 »toris
229 1827 339 1858 passus
359 1821 422 1856 est,
445 1816 509 1859 qua
530 1828 645 1861 magna
666 1820 770 1862 portio
792 1820 874 1851 cutis
898 1826 930 1852 et
955 1820 1082 1864 majoris
1104 1821 1287 1864 pectoralis,
1309 1822 1435 1853 intactis

95 1881 114 1901 ))
129 1871 237 1910 costis,
258 1870 431 1902 admodum
452 1870 523 1903 laesa
545 1872 620 1904 fuit.
646 1873 813 1907 Sauciatus
831 1886 873 1907 ne
895 1875 1002 1906 animo
1018 1874 1149 1917 quidem
1172 1874 1319 1918 delapsus
1341 1881 1435 1906 estet

95 1934 114 1954 ))
130 1924 203 1967 apta
229 1924 441 1956 medicatione
465 1925 607 1958 adhibita
629 1927 748 1961 vulnus
774 1929 856 1961 illud
884 1928 1005 1971 grande
1026 1934 1096 1971 post
1121 1929 1320 1972 trigesimum
1348 1929 1433 1961 diem

95 1989 114 2009 ))
131 1978 261 2009 omnino
282 1985 429 2011 sanatum
450 1979 545 2011 fuit.⁷⁷

111 2053 1406 2065 mm...-

156 2093 189 2122 (1)
206 2092 284 2121 Petit,
306 2093 326 2116 l.
345 2093 381 2122 L,
401 2102 458 2125 pag.
478 2095 579 2119 82-85.

157 2132 190 2164 (2)
207 2133 311 2164 Larrey,
329 2133 449 2165 chirurgie
466 2135 594 2166 militaire,
614 2140 674 2160 tom.
696 2139 731 2160 ΙΙ.
750 2145 807 2168 pag.
826 2145 865 2168 79-
