1747 2620
712 253 724 296 (
748 255 788 288 27
813 254 826 297 )

107 330 161 369 iri,
185 330 264 362 serio
285 335 317 361 et
336 329 440 361 sedata
462 333 569 360 mente
590 325 814 358 affirmaverit?
841 326 908 357 Imo
927 338 1039 359 verum
1060 328 1154 358 etiam
1177 327 1229 358 illa
1250 340 1323 360 cum
1345 329 1432 372 ejus-

106 384 192 415 modi
219 385 339 416 naturis
367 383 551 426 conjunctio
580 381 686 412 sedem
716 380 814 411 hacce
838 385 921 411 terra
955 379 1179 423 jucundiorem
1208 387 1239 412 et
1268 383 1430 423 puriorem

108 437 229 479 homini
250 436 478 479 suppeditabit,
502 435 683 477 viliorisque
705 435 842 476 corporis
862 434 995 465 vinculis
1014 435 1116 466 soluto
1138 441 1202 466 tota
1224 446 1333 466 rerum
1356 437 1432 466 uni—

108 491 272 529 versitate,
295 489 564 532 quemadmodum
580 488 643 532 jam
665 488 787 519 telluris
802 489 955 531 angustiis
976 489 1004 518 ei
1020 488 1086 519 frui
1102 487 1209 519 licebit
1226 487 1284 531 (1).
1311 488 1433 527 Quodsi

109 543 247 585 denique
270 542 309 573 ad
333 543 432 585 ipsam
458 542 595 573 hominis
620 548 767 573 naturam
790 548 886 584 atque
909 541 1049 573 indolem
1073 542 1297 582 advertamus,
1324 554 1433 574 omnes

109 597 238 628 omnino
263 596 407 627 homines
431 596 469 626 ad
496 597 592 627 vitam
616 601 686 638 post
708 596 772 626 fata
797 595 1000 638 superstitem
1026 595 1105 626 eniti
1130 595 1286 627 videmus.
1321 596 1434 627 Omnis

108 650 276 681 hominum
302 655 415 680 natura
440 649 479 679 ad
508 649 605 680 animi
636 649 905 680 immortalitatem
935 649 1053 688 fertur,
1088 655 1120 679 et
1151 660 1322 680 commune
1347 650 1434 681 adest

109 691 294 733 aeternitatis
314 707 435 733 votum.
457 692 542 732 Inest
561 701 650 732 nobis
669 707 832 743 perpetuae
854 702 925 732 vitae
945 712 1071 740 sensuS,
1094 712 1152 743 per
1176 712 1273 743 quem
1298 703 1432 744 auguria

109 756 251 798 capimus
274 761 370 797 atque
391 755 429 785 ad
450 756 631 796 augustiora
655 760 687 785 et
707 761 823 785 aeterna
844 754 993 797 progredi
1019 754 1195 786 studemus.
1221 755 1335 798 Neque
1358 767 1434 787 vero

108 809 169 840 hoc
191 814 318 847 votum,
344 808 378 839 hi
403 814 533 839 conatus
553 808 708 851 ejusmodi
727 814 817 846 sunt,
843 814 881 839 ut
908 809 986 839 fines
1010 808 1206 851 modumque
1226 809 1382 840 excedant
1403 816 1435 841 et

109 861 379 904 quemadmodum
401 862 511 892 inanes
530 861 591 892 illae
611 862 824 903 quorumdam
846 862 1051 904 cupiditates,
1078 863 1112 892 in
1137 874 1256 894 vanum
1277 863 1432 894 recidant.

111 915 207 947 Plura
221 915 351 957 quidem
367 914 425 945 sibi
444 915 585 957 exposcit
599 915 728 945 avaritia
741 938 748 953 ,
759 926 853 957 quam
869 914 999 945 concedi
1015 915 1151 957 possint,
1168 915 1319 958 ampliora
1334 916 1434 947 fastus

110 969 224 1010 quaerit
242 969 354 1010 spatia,
377 979 472 1010 quam
492 968 564 998 vitae
581 967 737 1010 angustiae
752 968 948 1009 permittant.
973 968 1009 998 In
1025 967 1078 998 illa
1094 974 1202 999 autem
1224 969 1296 1001 vitae
1311 969 1434 1011 perdu-

112 1026 227 1051 raturae
252 1026 285 1050 et
315 1020 474 1051 felicitatis
500 1026 625 1052 aeteruae
646 1031 701 1061 spe
726 1025 758 1050 et
784 1020 959 1059 desiderio,
990 1021 1068 1062 quid
1093 1021 1222 1052 tandem
1250 1028 1315 1061 est,
1349 1023 1436 1064 quod

111 1073 355 1104 immoderatum
375 1069 485 1103 haberi
503 1072 621 1114 possit'?
642 1074 677 1103 In
698 1074 796 1104 hocce
819 1079 976 1105 terrarum
1000 1074 1074 1105 orbe
1098 1075 1201 1105 omnia
1224 1075 1339 1106 finibus
1359 1082 1435 1106 sunt

110 1125 248 1163 inclusa,
266 1124 321 1155 sed
339 1125 463 1155 animus
479 1124 642 1155 humanus
656 1125 778 1156 nullam
794 1126 933 1161 admittit
948 1127 1171 1169 capacitatem,
1190 1138 1286 1170 quam
1305 1128 1435 1171 explere

109 1178 221 1220 possis3
249 1174 374 1219 semper
395 1176 513 1221 majora
538 1178 635 1221 petit,
667 1179 776 1210 altiora
802 1191 926 1222 semper
952 1186 984 1212 et
1012 1180 1165 1211 nobiliora
1193 1187 1226 1212 et
1251 1193 1325 1213 cum
1348 1183 1434 1214 ultra

107 1230 228 1261 hancce
248 1230 435 1261 tenuitatem
455 1242 565 1274 sapere
586 1232 678 1271 velit,
702 1233 735 1263 in
755 1234 918 1265 infinitum
939 1245 972 1265 se
991 1234 1165 1265 extendere
1186 1235 1311 1266 nititur.
1337 1236 1434 1267 Unde

108 1283 207 1325 igitur
229 1283 283 1314 ille
307 1284 346 1314 ad
370 1286 579 1316 aeternitatem
603 1286 691 1316 nisus
710 1292 743 1317 et
767 1287 886 1318 ardor?
914 1287 1007 1319 Certe
1031 1299 1095 1319 non
1121 1288 1240 1320 frustra
1258 1295 1290 1320 et
1313 1295 1434 1321 temere

107 1342 222 1367 natura
244 1337 342 1379 egisse
364 1337 520 1368 censenda
545 1344 607 1378 est3
638 1349 700 1381 qua
721 1343 829 1370 tamen
851 1340 1086 1380 criminatione,
1112 1341 1137 1371 si
1161 1353 1331 1373 commune
1351 1343 1434 1374 illud

108 1389 252 1420 omnium
274 1389 466 1421 desiderium
485 1391 520 1421 in
540 1391 678 1423 nihilum
703 1393 840 1432 recidat,
866 1405 931 1424 nou
952 1394 1046 1425 facile
1067 1394 1184 1427 absolvi
1202 1396 1308 1438 possit.

151 1442 308 1474 Praeterea
332 1443 415 1474 inest
433 1449 555 1475 naturae
577 1444 726 1476 humanae
744 1446 865 1477 indoles
890 1446 991 1478 indies
1014 1447 1053 1479 ad
1077 1447 1230 1492 majorem
1260 1449 1435 1492 perfectio-

108 1505 182 1526 nem
206 1495 378 1527 excolenda
401 1502 497 1540 atque
522 1498 708 1531 evolvenda.
739 1500 795 1531 Est
815 1501 869 1532 issa
897 1502 1101 1544 perfectionis
1123 1502 1245 1533 indoles
1263 1503 1361 1533 nullis
1381 1504 1433 1534 in-

110 1547 267 1578 cludenda
294 1549 430 1589 finibus,
461 1551 516 1582 sed
546 1563 670 1595 semper
696 1552 796 1597 major
827 1555 896 1585 fieri
928 1554 1022 1586 debet
1050 1555 1262 1599 omnibusque
1290 1558 1433 1588 numeris

111 1599 262 1631 absoluta.
293 1600 354 1632 Cui
374 1613 448 1634 sane
472 1614 546 1635 cum
570 1606 604 1636 in
624 1606 721 1638 hacce
745 1613 827 1639 terra
847 1609 953 1640 omnia
976 1609 1054 1640 adeo
1075 1609 1374 1640 sint‘contaminata
1403 1617 1434 1641 et

110 1654 311 1696 imperfecta,
330 1656 488 1698 satisfieri,
505 1658 581 1690 dum
596 1660 649 1691 hic
666 1661 820 1701 vivimUS,
842 1674 969 1704 prorsus
987 1663 1110 1705 nequit.
1131 1663 1279 1694 Attamen
1296 1664 1329 1694 in
1346 1666 1433 1695 omni

110 1716 218 1737 rerum
241 1713 353 1739 natura
376 1708 444 1740 haec
468 1710 649 1745 dominatur
673 1715 744 1755 lex,
771 1722 808 1746 ut
836 1716 1009 1759 quodquod
1033 1722 1177 1747 creatum
1202 1717 1260 1756 sit,
1291 1717 1330 1748 ad
1358 1729 1434 1749 eum

112 1753 504 1804 adscendat⁰perfectionis
524 1767 673 1808 gradum,
694 1769 734 1800 ad
755 1780 851 1812 quem
872 1776 1013 1801 creatum
1038 1776 1070 1801 et
1085 1769 1279 1800 destinatum
1293 1771 1432 1802 videtur.

112 1812 268 1845 Animalia
288 1821 319 1845 et
338 1815 455 1858 plantae
475 1818 575 1859 fiunt,
598 1822 682 1863 quod
702 1822 770 1853 fieri
791 1823 930 1865 possint,
956 1822 996 1853 ab
1019 1822 1080 1853 illis
1101 1833 1176 1854 vero
1197 1822 1292 1864 longe
1317 1822 1433 1855 distant

111 1864 271 1907 homines,
302 1869 357 1914 qui
381 1870 518 1913 ratione,
548 1873 693 1906 libertate
721 1881 753 1906 et
776 1887 871 1908 sensu
896 1876 1021 1918 praediti
1043 1875 1082 1906 ad
1109 1874 1340 1917 perfectionem
1360 1877 1432 1909 ideo

109 1938 1417 1958 Μ

170 1978 206 2006 (ι)
223 1978 260 2001 Cf.
281 1979 312 2002 A.
329 1980 471 2012 Tremffley,
488 1983 640 2009 iustitutious
657 1988 717 2010 dans
731 1989 755 2011 la
770 1993 856 2011 nature
872 1992 896 2010 et
910 1988 934 2010 la
948 1987 1064 2018 religion,
1081 1992 1139 2010 tom.
1157 1989 1189 2012 11.
1206 1988 1256 2012 vol.
1274 1990 1294 2011 1.
1310 1989 1380 2019 chap.
1393 1990 1430 2012 56.

109 2016 136 2039 iu
152 2017 216 2040 med.
234 2018 298 2042 Bode
316 2020 456 2050 allgemeine
470 2023 587 2048 betracht.
601 2027 658 2050 fiber
676 2028 717 2050 das
732 2028 909 2059 weltgeb'a'ude,
925 2027 982 2051 seite
993 2028 1036 2051 206
1046 2035 1082 2059 sq.
1104 2028 1230 2058 Ejusdem,
1244 2029 1378 2052 Kenutuiss
1392 2029 1432 2052 des

109 2056 241 2085 gestirnten
262 2058 388 2089 himmels,
407 2068 427 2083 s.
444 2061 488 2084 608
504 2071 539 2094 sq.
