<?xml version="1.0" encoding="UTF-8"?>
<!DOCTYPE html PUBLIC "-//W3C//DTD XHTML 1.0 Transitional//EN"
    "http://www.w3.org/TR/xhtml1/DTD/xhtml1-transitional.dtd">
<html xmlns="http://www.w3.org/1999/xhtml" xml:lang="en" lang="en">
 <head>
  <title>
</title>
<meta http-equiv="Content-Type" content="text/html;charset=utf-8" />
  <meta name='ocr-system' content='tesseract 3.04.00' />
  <meta name='ocr-capabilities' content='ocr_page ocr_carea ocr_par ocr_line ocrx_word'/>
</head>
<body>
  <div class='ocr_page' id='page_1' title='image "annalesacademiae00acad_0372.png"; bbox 0 0 1747 2620; ppageno 0'>
   <div class='ocr_carea' id='block_1_1' title="bbox 897 228 1012 272">
    <p class='ocr_par' dir='ltr' id='par_1_1' title="bbox 897 228 1012 272">
     <span class='ocr_line' id='line_1_1' title="bbox 897 228 1012 272; baseline 0 -1"><span class='ocrx_word' id='word_1_1' title='bbox 897 228 1012 272; x_wconf 76' lang='lat'><strong>(40)</strong></span> 
     </span>
    </p>
   </div>
   <div class='ocr_carea' id='block_1_2' title="bbox 751 367 1153 399">
    <p class='ocr_par' dir='ltr' id='par_1_2' title="bbox 751 367 1153 399">
     <span class='ocr_line' id='line_1_2' title="bbox 751 367 1153 399; baseline -0.002 0"><span class='ocrx_word' id='word_1_2' title='bbox 751 367 1022 399; x_wconf 83' lang='lat' dir='ltr'><strong>THEOREMA</strong></span> <span class='ocrx_word' id='word_1_3' title='bbox 1089 367 1153 398; x_wconf 88' lang='lat' dir='ltr'>IV.</span> 
     </span>
    </p>
   </div>
   <div class='ocr_carea' id='block_1_3' title="bbox 286 469 1626 2077">
    <p class='ocr_par' dir='ltr' id='par_1_3' title="bbox 286 469 1620 570">
     <span class='ocr_line' id='line_1_3' title="bbox 331 469 1620 515; baseline -0.008 -8"><span class='ocrx_word' id='word_1_4' title='bbox 331 476 368 507; x_wconf 85' lang='lat' dir='ltr'>In</span> <span class='ocrx_word' id='word_1_5' title='bbox 389 474 476 506; x_wconf 86' lang='lat' dir='ltr'>omni</span> <span class='ocrx_word' id='word_1_6' title='bbox 497 472 663 514; x_wconf 74' lang='lat' dir='ltr'>hexagono</span> <span class='ocrx_word' id='word_1_7' title='bbox 681 469 813 501; x_wconf 88' lang='lat' dir='ltr'>sectioni</span> <span class='ocrx_word' id='word_1_8' title='bbox 832 469 950 500; x_wconf 84' lang='lat' dir='ltr'>conicae</span> <span class='ocrx_word' id='word_1_9' title='bbox 973 470 1231 513; x_wconf 79' lang='lat' dir='ltr'>circumscripto,</span> <span class='ocrx_word' id='word_1_10' title='bbox 1254 471 1435 515; x_wconf 85' lang='lat' dir='ltr'>diagonales</span> <span class='ocrx_word' id='word_1_11' title='bbox 1456 483 1528 514; x_wconf 82' lang='lat' dir='ltr'>quae</span> <span class='ocrx_word' id='word_1_12' title='bbox 1546 484 1620 506; x_wconf 69' lang='lat' dir='ltr'>ver-</span> 
     </span>
     <span class='ocr_line' id='line_1_4' title="bbox 286 522 1468 570; baseline -0.003 -9"><span class='ocrx_word' id='word_1_13' title='bbox 286 531 363 561; x_wconf 87' lang='lat' dir='ltr'>tices</span> <span class='ocrx_word' id='word_1_14' title='bbox 383 527 540 570; x_wconf 75' lang='lat' dir='ltr'>oppositos</span> <span class='ocrx_word' id='word_1_15' title='bbox 559 524 717 569; x_wconf 82' lang='lat' dir='ltr'>jungunt,</span> <span class='ocrx_word' id='word_1_16' title='bbox 738 534 795 565; x_wconf 84' lang='lat' dir='ltr'>per</span> <span class='ocrx_word' id='word_1_17' title='bbox 816 533 919 553; x_wconf 87' lang='lat' dir='ltr'>unum</span> <span class='ocrx_word' id='word_1_18' title='bbox 940 522 1090 565; x_wconf 84' lang='lat' dir='ltr'>idemque</span> <span class='ocrx_word' id='word_1_19' title='bbox 1112 530 1270 566; x_wconf 84' lang='lat' dir='ltr'>punctum</span> <span class='ocrx_word' id='word_1_20' title='bbox 1290 531 1468 557; x_wconf 87' lang='lat' dir='ltr'>transeunt.</span> 
     </span>
    </p>

    <p class='ocr_par' dir='ltr' id='par_1_4' title="bbox 287 577 1625 1112">
     <span class='ocr_line' id='line_1_5' title="bbox 329 577 1620 623; baseline -0.002 -10"><span class='ocrx_word' id='word_1_21' title='bbox 329 584 376 613; x_wconf 88' lang='lat' dir='ltr'>Sit</span> <span class='ocrx_word' id='word_1_22' title='bbox 396 582 471 623; x_wconf 81' lang='lat' dir='ltr'>(fig.</span> <span class='ocrx_word' id='word_1_23' title='bbox 492 579 557 620; x_wconf 75' lang='grc'>40)</span> <span class='ocrx_word' id='word_1_24' title='bbox 579 577 743 609; x_wconf 83' lang='lat' dir='ltr'><strong>ABCDEF</strong></span> <span class='ocrx_word' id='word_1_25' title='bbox 760 577 963 619; x_wconf 82' lang='lat' dir='ltr'>hexagonum</span> <span class='ocrx_word' id='word_1_26' title='bbox 983 578 1280 621; x_wconf 83' lang='lat' dir='ltr'>circumscriptum:</span> <span class='ocrx_word' id='word_1_27' title='bbox 1303 579 1480 623; x_wconf 83' lang='lat' dir='ltr'>jungantur</span> <span class='ocrx_word' id='word_1_28' title='bbox 1502 586 1620 623; x_wconf 79' lang='lat' dir='ltr'>puncta</span> 
     </span>
     <span class='ocr_line' id='line_1_6' title="bbox 287 630 1621 679; baseline -0.001 -12"><span class='ocrx_word' id='word_1_29' title='bbox 287 636 450 679; x_wconf 74' lang='lat' dir='ltr'>tangentia</span> <span class='ocrx_word' id='word_1_30' title='bbox 472 633 715 675; x_wconf 76' lang='lat' dir='ltr'>subsequentia,</span> <span class='ocrx_word' id='word_1_31' title='bbox 737 637 774 663; x_wconf 93' lang='lat' dir='ltr'>ut</span> <span class='ocrx_word' id='word_1_32' title='bbox 796 630 952 662; x_wconf 82' lang='lat' dir='ltr'><strong>habeatur</strong></span> <span class='ocrx_word' id='word_1_33' title='bbox 974 630 1177 674; x_wconf 81' lang='lat' dir='ltr'>hexagonum</span> <span class='ocrx_word' id='word_1_34' title='bbox 1199 632 1390 675; x_wconf 83' lang='lat' dir='ltr'>inscriptum</span> <span class='ocrx_word' id='word_1_35' title='bbox 1410 633 1540 676; x_wconf 77' lang='lat' dir='ltr'>abcdef</span> <span class='ocrx_word' id='word_1_36' title='bbox 1573 634 1621 665; x_wconf 73' lang='lat' dir='ltr'>Ex</span> 
     </span>
     <span class='ocr_line' id='line_1_7' title="bbox 288 685 1624 730; baseline -0.003 -7"><span class='ocrx_word' id='word_1_37' title='bbox 288 690 490 723; x_wconf 79' lang='lat' dir='ltr'>adnotatione</span> <span class='ocrx_word' id='word_1_38' title='bbox 517 686 730 730; x_wconf 76' lang='lat' dir='ltr'>praecedenti,</span> <span class='ocrx_word' id='word_1_39' title='bbox 761 686 896 716; x_wconf 85' lang='lat' dir='ltr'>vertices</span> <span class='ocrx_word' id='word_1_40' title='bbox 921 685 1080 728; x_wconf 79' lang='lat' dir='ltr'>hexagoni</span> <span class='ocrx_word' id='word_1_41' title='bbox 1106 686 1266 729; x_wconf 83' lang='lat' dir='ltr'>inscripti,</span> <span class='ocrx_word' id='word_1_42' title='bbox 1296 693 1372 717; x_wconf 87' lang='lat' dir='ltr'>sunt</span> <span class='ocrx_word' id='word_1_43' title='bbox 1400 687 1465 730; x_wconf 88' lang='lat' dir='ltr'>poli</span> <span class='ocrx_word' id='word_1_44' title='bbox 1485 687 1624 719; x_wconf 84' lang='lat' dir='ltr'>laterum</span> 
     </span>
     <span class='ocr_line' id='line_1_8' title="bbox 287 739 1624 787; baseline -0.004 -10"><span class='ocrx_word' id='word_1_45' title='bbox 287 744 446 787; x_wconf 79' lang='lat' dir='ltr'>hexagoni</span> <span class='ocrx_word' id='word_1_46' title='bbox 470 741 719 783; x_wconf 73' lang='lat' dir='ltr'>circumscripti,</span> <span class='ocrx_word' id='word_1_47' title='bbox 749 739 841 783; x_wconf 87' lang='lat' dir='ltr'>cujus</span> <span class='ocrx_word' id='word_1_48' title='bbox 865 740 996 772; x_wconf 89' lang='lat' dir='ltr'>vertices</span> <span class='ocrx_word' id='word_1_49' title='bbox 1021 745 1096 771; x_wconf 86' lang='lat' dir='ltr'>sunt</span> <span class='ocrx_word' id='word_1_50' title='bbox 1118 740 1256 771; x_wconf 84' lang='lat' dir='ltr'>vicissim</span> <span class='ocrx_word' id='word_1_51' title='bbox 1279 740 1343 782; x_wconf 89' lang='lat' dir='ltr'>poli</span> <span class='ocrx_word' id='word_1_52' title='bbox 1364 740 1502 772; x_wconf 88' lang='lat' dir='ltr'>laterum</span> <span class='ocrx_word' id='word_1_53' title='bbox 1523 741 1624 772; x_wconf 81' lang='lat' dir='ltr'>hexa—</span> 
     </span>
     <span class='ocr_line' id='line_1_9' title="bbox 288 793 1624 842; baseline -0.003 -12"><span class='ocrx_word' id='word_1_54' title='bbox 288 799 362 842; x_wconf 79' lang='lat' dir='ltr'>goni</span> <span class='ocrx_word' id='word_1_55' title='bbox 385 796 539 838; x_wconf 83' lang='lat' dir='ltr'>inscripti.</span> <span class='ocrx_word' id='word_1_56' title='bbox 570 794 714 825; x_wconf 76' lang='lat' dir='ltr'>Vei-tices</span> <span class='ocrx_word' id='word_1_57' title='bbox 729 795 756 824; x_wconf 91' lang='lat' dir='ltr'><strong>A</strong></span> <span class='ocrx_word' id='word_1_58' title='bbox 773 799 805 824; x_wconf 85' lang='lat' dir='ltr'>et</span> <span class='ocrx_word' id='word_1_59' title='bbox 820 794 847 824; x_wconf 91' lang='lat' dir='ltr'>D</span> <span class='ocrx_word' id='word_1_60' title='bbox 864 799 939 824; x_wconf 86' lang='lat' dir='ltr'>sunt</span> <span class='ocrx_word' id='word_1_61' title='bbox 959 804 1035 836; x_wconf 81' lang='lat' dir='ltr'>ergo</span> <span class='ocrx_word' id='word_1_62' title='bbox 1054 793 1117 836; x_wconf 86' lang='lat' dir='ltr'>poli</span> <span class='ocrx_word' id='word_1_63' title='bbox 1137 793 1273 825; x_wconf 86' lang='lat' dir='ltr'>laterum</span> <span class='ocrx_word' id='word_1_64' title='bbox 1294 793 1380 835; x_wconf 82' lang='lat' dir='ltr'>afet</span> <span class='ocrx_word' id='word_1_65' title='bbox 1397 794 1455 831; x_wconf 79' lang='lat' dir='ltr'>cd,</span> <span class='ocrx_word' id='word_1_66' title='bbox 1480 794 1624 837; x_wconf 78' lang='lat' dir='ltr'>adeoque</span> 
     </span>
     <span class='ocr_line' id='line_1_10' title="bbox 289 847 1624 895; baseline -0.002 -12"><span class='ocrx_word' id='word_1_67' title='bbox 289 850 462 895; x_wconf 84' lang='lat' dir='ltr'>diagonalis</span> <span class='ocrx_word' id='word_1_68' title='bbox 482 849 537 880; x_wconf 90' lang='lat' dir='ltr'>AD</span> <span class='ocrx_word' id='word_1_69' title='bbox 561 853 608 879; x_wconf 89' lang='lat' dir='ltr'>est</span> <span class='ocrx_word' id='word_1_70' title='bbox 628 853 713 878; x_wconf 87' lang='lat' dir='ltr'>recta</span> <span class='ocrx_word' id='word_1_71' title='bbox 734 847 849 889; x_wconf 86' lang='lat' dir='ltr'>polaris</span> <span class='ocrx_word' id='word_1_72' title='bbox 869 848 981 890; x_wconf 89' lang='lat' dir='ltr'>puncti</span> <span class='ocrx_word' id='word_1_73' title='bbox 1000 848 1036 878; x_wconf 79' lang='lat' dir='ltr'>R.</span> <span class='ocrx_word' id='word_1_74' title='bbox 1059 847 1180 878; x_wconf 76' lang='lat' dir='ltr'>Eodem</span> <span class='ocrx_word' id='word_1_75' title='bbox 1203 847 1295 879; x_wconf 89' lang='lat' dir='ltr'>modo</span> <span class='ocrx_word' id='word_1_76' title='bbox 1320 848 1413 879; x_wconf 86' lang='lat' dir='ltr'>facile</span> <span class='ocrx_word' id='word_1_77' title='bbox 1434 850 1624 892; x_wconf 84' lang='lat' dir='ltr'>perspicitur</span> 
     </span>
     <span class='ocr_line' id='line_1_11' title="bbox 288 901 1625 950; baseline -0.004 -12"><span class='ocrx_word' id='word_1_78' title='bbox 288 904 487 950; x_wconf 83' lang='lat' dir='ltr'>diagonalem</span> <span class='ocrx_word' id='word_1_79' title='bbox 516 902 565 933; x_wconf 89' lang='lat' dir='ltr'>CF</span> <span class='ocrx_word' id='word_1_80' title='bbox 590 913 656 933; x_wconf 85' lang='lat' dir='ltr'>esse</span> <span class='ocrx_word' id='word_1_81' title='bbox 680 907 798 932; x_wconf 86' lang='lat' dir='ltr'>rectam</span> <span class='ocrx_word' id='word_1_82' title='bbox 824 901 965 944; x_wconf 85' lang='lat' dir='ltr'>polarem</span> <span class='ocrx_word' id='word_1_83' title='bbox 990 901 1103 944; x_wconf 86' lang='lat' dir='ltr'>puncti</span> <span class='ocrx_word' id='word_1_84' title='bbox 1131 901 1179 939; x_wconf 82' lang='lat' dir='ltr'>R&#39;,</span> <span class='ocrx_word' id='word_1_85' title='bbox 1205 907 1237 932; x_wconf 91' lang='lat' dir='ltr'>et</span> <span class='ocrx_word' id='word_1_86' title='bbox 1260 901 1458 944; x_wconf 79' lang='lat' dir='ltr'>diagonalem</span> <span class='ocrx_word' id='word_1_87' title='bbox 1481 902 1536 933; x_wconf 88' lang='lat' dir='ltr'>BE</span> <span class='ocrx_word' id='word_1_88' title='bbox 1558 913 1625 933; x_wconf 87' lang='lat' dir='ltr'>esse</span> 
     </span>
     <span class='ocr_line' id='line_1_12' title="bbox 288 954 1624 1001; baseline -0.004 -9"><span class='ocrx_word' id='word_1_89' title='bbox 288 966 407 993; x_wconf 82' lang='lat' dir='ltr'>rectam</span> <span class='ocrx_word' id='word_1_90' title='bbox 424 957 564 1001; x_wconf 86' lang='lat' dir='ltr'>polarem</span> <span class='ocrx_word' id='word_1_91' title='bbox 582 955 695 999; x_wconf 86' lang='lat' dir='ltr'>puncti</span> <span class='ocrx_word' id='word_1_92' title='bbox 712 955 772 986; x_wconf 87' lang='lat' dir='ltr'>R&#39;&#39;.</span> <span class='ocrx_word' id='word_1_93' title='bbox 791 955 890 997; x_wconf 83' lang='lat' dir='ltr'>Atqui</span> <span class='ocrx_word' id='word_1_94' title='bbox 906 955 963 986; x_wconf 83' lang='lat' dir='ltr'>tria</span> <span class='ocrx_word' id='word_1_95' title='bbox 980 961 1099 998; x_wconf 86' lang='lat' dir='ltr'>puncta</span> <span class='ocrx_word' id='word_1_96' title='bbox 1116 955 1158 993; x_wconf 87' lang='lat' dir='ltr'>R,</span> <span class='ocrx_word' id='word_1_97' title='bbox 1173 954 1220 994; x_wconf 85' lang='lat' dir='ltr'>R&#39;,</span> <span class='ocrx_word' id='word_1_98' title='bbox 1234 955 1281 985; x_wconf 81' lang='lat' dir='ltr'>R&#39;&#39;</span> <span class='ocrx_word' id='word_1_99' title='bbox 1300 961 1376 986; x_wconf 88' lang='lat' dir='ltr'>sunt</span> <span class='ocrx_word' id='word_1_100' title='bbox 1390 955 1423 986; x_wconf 90' lang='lat' dir='ltr'>in</span> <span class='ocrx_word' id='word_1_101' title='bbox 1439 955 1523 986; x_wconf 68' lang='lat' dir='ltr'>linea</span> <span class='ocrx_word' id='word_1_102' title='bbox 1539 956 1624 987; x_wconf 75' lang='lat' dir='ltr'>recta</span> 
     </span>
     <span class='ocr_line' id='line_1_13' title="bbox 287 1008 1625 1056; baseline -0.004 -10"><span class='ocrx_word' id='word_1_103' title='bbox 287 1013 459 1056; x_wconf 86' lang='lat' dir='ltr'>(Theor.I</span> <span class='ocrx_word' id='word_1_104' title='bbox 485 1012 529 1042; x_wconf 71' lang='lat' dir='ltr'>2ae</span> <span class='ocrx_word' id='word_1_105' title='bbox 546 1010 643 1052; x_wconf 82' lang='lat' dir='ltr'>partis</span> <span class='ocrx_word' id='word_1_106' title='bbox 655 1010 676 1052; x_wconf 86' lang='lat'>).</span> <span class='ocrx_word' id='word_1_107' title='bbox 709 1009 792 1052; x_wconf 84' lang='lat' dir='ltr'>Ergo</span> <span class='ocrx_word' id='word_1_108' title='bbox 821 1008 958 1050; x_wconf 88' lang='lat' dir='ltr'>(Theor.</span> <span class='ocrx_word' id='word_1_109' title='bbox 984 1009 1033 1050; x_wconf 93' lang='lat' dir='ltr'>II)</span> <span class='ocrx_word' id='word_1_110' title='bbox 1058 1009 1199 1050; x_wconf 86' lang='lat' dir='ltr'>ipsorum</span> <span class='ocrx_word' id='word_1_111' title='bbox 1229 1008 1370 1051; x_wconf 70' lang='lat' dir='ltr'>polares,</span> <span class='ocrx_word' id='word_1_112' title='bbox 1401 1020 1460 1052; x_wconf 90' lang='lat' dir='ltr'>per</span> <span class='ocrx_word' id='word_1_113' title='bbox 1490 1010 1625 1041; x_wconf 88' lang='lat' dir='ltr'>unicum</span> 
     </span>
     <span class='ocr_line' id='line_1_14' title="bbox 288 1062 1369 1112; baseline -0.006 -13"><span class='ocrx_word' id='word_1_114' title='bbox 288 1073 447 1112; x_wconf 83' lang='lat' dir='ltr'>punctum</span> <span class='ocrx_word' id='word_1_115' title='bbox 466 1070 648 1103; x_wconf 86' lang='lat' dir='ltr'>transeunt,</span> <span class='ocrx_word' id='word_1_116' title='bbox 668 1063 753 1105; x_wconf 88' lang='lat' dir='ltr'>quod</span> <span class='ocrx_word' id='word_1_117' title='bbox 773 1068 932 1105; x_wconf 82' lang='lat' dir='ltr'>punctum</span> <span class='ocrx_word' id='word_1_118' title='bbox 954 1068 1001 1093; x_wconf 85' lang='lat' dir='ltr'>est</span> <span class='ocrx_word' id='word_1_119' title='bbox 1017 1062 1109 1104; x_wconf 88' lang='lat' dir='ltr'>polus</span> <span class='ocrx_word' id='word_1_120' title='bbox 1131 1068 1224 1093; x_wconf 75' lang='lat' dir='ltr'>rectae</span> <span class='ocrx_word' id='word_1_121' title='bbox 1245 1062 1369 1093; x_wconf 78' lang='lat' dir='ltr'>RR&#39;R&#39;&#39;.</span> 
     </span>
    </p>

    <p class='ocr_par' dir='ltr' id='par_1_5' title="bbox 289 1115 1625 1219">
     <span class='ocr_line' id='line_1_15' title="bbox 332 1115 1625 1152; baseline -0.003 0"><span class='ocrx_word' id='word_1_122' title='bbox 332 1123 383 1152; x_wconf 90' lang='lat' dir='ltr'>Sic</span> <span class='ocrx_word' id='word_1_123' title='bbox 417 1120 443 1151; x_wconf 87' lang='lat' dir='ltr'>T</span> <span class='ocrx_word' id='word_1_124' title='bbox 446 1120 594 1150; x_wconf 88' lang='lat' dir='ltr'>heorema</span> <span class='ocrx_word' id='word_1_125' title='bbox 626 1117 937 1148; x_wconf 76' lang='lat' dir='ltr'>Brianelzonianum</span> <span class='ocrx_word' id='word_1_126' title='bbox 963 1127 980 1146; x_wconf 90' lang='lat' dir='ltr'>a</span> <span class='ocrx_word' id='word_1_127' title='bbox 1012 1115 1225 1147; x_wconf 87' lang='lat' dir='ltr'>Theoremate</span> <span class='ocrx_word' id='word_1_128' title='bbox 1260 1116 1408 1147; x_wconf 78' lang='lat' dir='ltr'>Pascali</span> <span class='ocrx_word' id='word_1_129' title='bbox 1440 1116 1625 1148; x_wconf 84' lang='lat' dir='ltr'>immediate</span> 
     </span>
     <span class='ocr_line' id='line_1_16' title="bbox 289 1175 591 1219; baseline -0.013 -12"><span class='ocrx_word' id='word_1_130' title='bbox 289 1175 418 1219; x_wconf 85' lang='lat' dir='ltr'>pendet.</span> <span class='ocrx_word' id='word_1_131' title='bbox 588 1209 591 1211; x_wconf 27' lang='lat'><strong>¹</strong></span> 
     </span>
    </p>

    <p class='ocr_par' dir='ltr' id='par_1_6' title="bbox 288 1221 1625 1322">
     <span class='ocr_line' id='line_1_17' title="bbox 332 1221 1625 1267; baseline -0.004 -8"><span class='ocrx_word' id='word_1_132' title='bbox 332 1229 379 1259; x_wconf 84' lang='lat' dir='ltr'>Ex</span> <span class='ocrx_word' id='word_1_133' title='bbox 400 1224 583 1257; x_wconf 87' lang='lat' dir='ltr'>notionibus</span> <span class='ocrx_word' id='word_1_134' title='bbox 599 1221 853 1267; x_wconf 71' lang='lat' dir='ltr'>praecedentibus</span> <span class='ocrx_word' id='word_1_135' title='bbox 873 1221 1021 1264; x_wconf 79' lang='lat' dir='ltr'>polorum</span> <span class='ocrx_word' id='word_1_136' title='bbox 1043 1227 1075 1252; x_wconf 89' lang='lat' dir='ltr'>et</span> <span class='ocrx_word' id='word_1_137' title='bbox 1095 1221 1253 1264; x_wconf 85' lang='lat' dir='ltr'>polarium</span> <span class='ocrx_word' id='word_1_138' title='bbox 1275 1223 1310 1254; x_wconf 90' lang='lat' dir='ltr'>in</span> <span class='ocrx_word' id='word_1_139' title='bbox 1327 1223 1437 1266; x_wconf 88' lang='lat' dir='ltr'>plano,</span> <span class='ocrx_word' id='word_1_140' title='bbox 1457 1223 1551 1255; x_wconf 88' lang='lat' dir='ltr'>facile</span> <span class='ocrx_word' id='word_1_141' title='bbox 1567 1223 1625 1255; x_wconf 93' lang='lat' dir='ltr'>de—</span> 
     </span>
     <span class='ocr_line' id='line_1_18' title="bbox 288 1274 1258 1322; baseline -0.006 -9"><span class='ocrx_word' id='word_1_142' title='bbox 288 1283 444 1314; x_wconf 85' lang='lat' dir='ltr'>ducemus</span> <span class='ocrx_word' id='word_1_143' title='bbox 464 1279 673 1322; x_wconf 82' lang='lat' dir='ltr'>proprietates</span> <span class='ocrx_word' id='word_1_144' title='bbox 694 1275 841 1319; x_wconf 87' lang='lat' dir='ltr'>polorum</span> <span class='ocrx_word' id='word_1_145' title='bbox 863 1280 894 1305; x_wconf 90' lang='lat' dir='ltr'>et</span> <span class='ocrx_word' id='word_1_146' title='bbox 912 1274 1069 1317; x_wconf 76' lang='lat' dir='ltr'>polarium</span> <span class='ocrx_word' id='word_1_147' title='bbox 1093 1275 1127 1306; x_wconf 91' lang='lat' dir='ltr'>in</span> <span class='ocrx_word' id='word_1_148' title='bbox 1147 1276 1258 1318; x_wconf 88' lang='lat' dir='ltr'>spatio.</span> 
     </span>
    </p>

    <p class='ocr_par' dir='ltr' id='par_1_7' title="bbox 288 1328 1626 1750">
     <span class='ocr_line' id='line_1_19' title="bbox 332 1328 1625 1374; baseline -0.002 -9"><span class='ocrx_word' id='word_1_149' title='bbox 332 1336 492 1367; x_wconf 85' lang='lat' dir='ltr'>Ponamus</span> <span class='ocrx_word' id='word_1_150' title='bbox 519 1332 594 1374; x_wconf 82' lang='lat' dir='ltr'>(fig.</span> <span class='ocrx_word' id='word_1_151' title='bbox 614 1329 678 1372; x_wconf 84' lang='lat'>39)</span> <span class='ocrx_word' id='word_1_152' title='bbox 704 1328 863 1360; x_wconf 83' lang='lat' dir='ltr'>circulum</span> <span class='ocrx_word' id='word_1_153' title='bbox 890 1328 1035 1368; x_wconf 84' lang='lat' dir='ltr'>ATA&#39;T&#39;,</span> <span class='ocrx_word' id='word_1_154' title='bbox 1058 1335 1224 1372; x_wconf 82' lang='lat' dir='ltr'>tangentes</span> <span class='ocrx_word' id='word_1_155' title='bbox 1243 1330 1292 1361; x_wconf 94' lang='lat' dir='ltr'>ST</span> <span class='ocrx_word' id='word_1_156' title='bbox 1313 1336 1346 1361; x_wconf 91' lang='lat' dir='ltr'>et</span> <span class='ocrx_word' id='word_1_157' title='bbox 1365 1330 1424 1361; x_wconf 91' lang='lat' dir='ltr'>ST&#39;</span> <span class='ocrx_word' id='word_1_158' title='bbox 1449 1336 1482 1362; x_wconf 91' lang='lat' dir='ltr'>et</span> <span class='ocrx_word' id='word_1_159' title='bbox 1505 1336 1625 1362; x_wconf 84' lang='lat' dir='ltr'>rectam</span> 
     </span>
     <span class='ocr_line' id='line_1_20' title="bbox 289 1381 1625 1428; baseline -0.002 -10"><span class='ocrx_word' id='word_1_160' title='bbox 289 1388 366 1428; x_wconf 81' lang='lat' dir='ltr'>TT&#39;,</span> <span class='ocrx_word' id='word_1_161' title='bbox 387 1388 469 1418; x_wconf 87' lang='lat' dir='ltr'>circa</span> <span class='ocrx_word' id='word_1_162' title='bbox 486 1390 604 1416; x_wconf 85' lang='lat' dir='ltr'>rectam</span> <span class='ocrx_word' id='word_1_163' title='bbox 626 1382 685 1413; x_wconf 89' lang='lat' dir='ltr'>SA&#39;</span> <span class='ocrx_word' id='word_1_164' title='bbox 706 1388 827 1414; x_wconf 86' lang='lat' dir='ltr'>rotare:</span> <span class='ocrx_word' id='word_1_165' title='bbox 851 1381 991 1413; x_wconf 88' lang='lat' dir='ltr'>circulus</span> <span class='ocrx_word' id='word_1_166' title='bbox 1009 1382 1174 1424; x_wconf 86' lang='lat' dir='ltr'>spheram,</span> <span class='ocrx_word' id='word_1_167' title='bbox 1199 1390 1366 1427; x_wconf 86' lang='lat' dir='ltr'>tangentes</span> <span class='ocrx_word' id='word_1_168' title='bbox 1385 1396 1517 1422; x_wconf 86' lang='lat' dir='ltr'>conum,</span> <span class='ocrx_word' id='word_1_169' title='bbox 1538 1390 1625 1415; x_wconf 84' lang='lat' dir='ltr'>recta</span> 
     </span>
     <span class='ocr_line' id='line_1_21' title="bbox 288 1435 1625 1482; baseline -0.004 -7"><span class='ocrx_word' id='word_1_170' title='bbox 288 1449 396 1475; x_wconf 85' lang='lat' dir='ltr'>autem</span> <span class='ocrx_word' id='word_1_171' title='bbox 416 1439 480 1471; x_wconf 87' lang='lat' dir='ltr'>TT&#39;</span> <span class='ocrx_word' id='word_1_172' title='bbox 497 1439 631 1482; x_wconf 86' lang='lat' dir='ltr'>planum</span> <span class='ocrx_word' id='word_1_173' title='bbox 647 1436 849 1475; x_wconf 83' lang='lat' dir='ltr'>formabunt,</span> <span class='ocrx_word' id='word_1_174' title='bbox 862 1435 1038 1478; x_wconf 87' lang='lat' dir='ltr'>(siqnidem</span> <span class='ocrx_word' id='word_1_175' title='bbox 1050 1436 1115 1467; x_wconf 89' lang='lat' dir='ltr'>TT&#39;</span> <span class='ocrx_word' id='word_1_176' title='bbox 1127 1443 1173 1468; x_wconf 89' lang='lat' dir='ltr'>est</span> <span class='ocrx_word' id='word_1_177' title='bbox 1189 1437 1463 1480; x_wconf 80' lang='lat' dir='ltr'>perpendicularis</span> <span class='ocrx_word' id='word_1_178' title='bbox 1479 1437 1518 1469; x_wconf 90' lang='lat' dir='ltr'>ad</span> <span class='ocrx_word' id='word_1_179' title='bbox 1532 1449 1625 1470; x_wconf 84' lang='lat' dir='ltr'>axem</span> 
     </span>
     <span class='ocr_line' id='line_1_22' title="bbox 289 1490 1626 1535; baseline -0.004 -8"><span class='ocrx_word' id='word_1_180' title='bbox 289 1494 488 1535; x_wconf 83' lang='lat' dir='ltr'>1·otati0nis):</span> <span class='ocrx_word' id='word_1_181' title='bbox 512 1493 545 1522; x_wconf 91' lang='lat' dir='ltr'>in</span> <span class='ocrx_word' id='word_1_182' title='bbox 565 1492 625 1522; x_wconf 90' lang='lat' dir='ltr'>hoc</span> <span class='ocrx_word' id='word_1_183' title='bbox 644 1497 734 1522; x_wconf 88' lang='lat' dir='ltr'>motu</span> <span class='ocrx_word' id='word_1_184' title='bbox 755 1490 919 1529; x_wconf 83' lang='lat' dir='ltr'>rotatorio‚</span> <span class='ocrx_word' id='word_1_185' title='bbox 942 1496 1060 1532; x_wconf 84' lang='lat' dir='ltr'>puncta</span> <span class='ocrx_word' id='word_1_186' title='bbox 1079 1491 1098 1520; x_wconf 92' lang='lat' dir='ltr'>S</span> <span class='ocrx_word' id='word_1_187' title='bbox 1115 1497 1147 1521; x_wconf 88' lang='lat' dir='ltr'>et</span> <span class='ocrx_word' id='word_1_188' title='bbox 1164 1491 1196 1521; x_wconf 85' lang='lat' dir='ltr'>M</span> <span class='ocrx_word' id='word_1_189' title='bbox 1220 1502 1291 1522; x_wconf 79' lang='lat' dir='ltr'>suas</span> <span class='ocrx_word' id='word_1_190' title='bbox 1310 1502 1374 1522; x_wconf 93' lang='lat' dir='ltr'>non</span> <span class='ocrx_word' id='word_1_191' title='bbox 1392 1497 1520 1522; x_wconf 87' lang='lat' dir='ltr'>mutant</span> <span class='ocrx_word' id='word_1_192' title='bbox 1539 1492 1626 1534; x_wconf 91' lang='lat' dir='ltr'>posi-</span> 
     </span>
     <span class='ocr_line' id='line_1_23' title="bbox 290 1544 1625 1589; baseline -0.003 -8"><span class='ocrx_word' id='word_1_193' title='bbox 290 1551 407 1587; x_wconf 83' lang='lat' dir='ltr'>tiones,</span> <span class='ocrx_word' id='word_1_194' title='bbox 429 1546 586 1589; x_wconf 87' lang='lat' dir='ltr'>siquidem</span> <span class='ocrx_word' id='word_1_195' title='bbox 604 1555 699 1587; x_wconf 84' lang='lat' dir='ltr'>super</span> <span class='ocrx_word' id='word_1_196' title='bbox 720 1555 812 1574; x_wconf 75' lang='lat' dir='ltr'>axem</span> <span class='ocrx_word' id='word_1_197' title='bbox 837 1544 999 1574; x_wconf 87' lang='lat' dir='ltr'>rotationis</span> <span class='ocrx_word' id='word_1_198' title='bbox 1020 1544 1187 1584; x_wconf 81' lang='lat' dir='ltr'>insistunt,</span> <span class='ocrx_word' id='word_1_199' title='bbox 1207 1545 1256 1575; x_wconf 91' lang='lat' dir='ltr'>ST</span> <span class='ocrx_word' id='word_1_200' title='bbox 1275 1550 1307 1575; x_wconf 86' lang='lat' dir='ltr'>et</span> <span class='ocrx_word' id='word_1_201' title='bbox 1321 1545 1380 1575; x_wconf 87' lang='lat' dir='ltr'>ST&#39;</span> <span class='ocrx_word' id='word_1_202' title='bbox 1401 1552 1532 1577; x_wconf 86' lang='lat' dir='ltr'>manent</span> <span class='ocrx_word' id='word_1_203' title='bbox 1552 1552 1625 1577; x_wconf 89' lang='lat' dir='ltr'>tan-</span> 
     </span>
     <span class='ocr_line' id='line_1_24' title="bbox 290 1597 1623 1646; baseline -0.002 -13"><span class='ocrx_word' id='word_1_204' title='bbox 290 1609 399 1646; x_wconf 77' lang='lat' dir='ltr'>gentes</span> <span class='ocrx_word' id='word_1_205' title='bbox 410 1626 418 1641; x_wconf 79' lang='lat'>,</span> <span class='ocrx_word' id='word_1_206' title='bbox 436 1600 579 1642; x_wconf 82' lang='lat' dir='ltr'>adeoque</span> <span class='ocrx_word' id='word_1_207' title='bbox 597 1610 714 1630; x_wconf 87' lang='lat' dir='ltr'>conum</span> <span class='ocrx_word' id='word_1_208' title='bbox 731 1598 797 1628; x_wconf 84' lang='lat' dir='ltr'>istis</span> <span class='ocrx_word' id='word_1_209' title='bbox 816 1597 991 1629; x_wconf 84' lang='lat' dir='ltr'>formatum</span> <span class='ocrx_word' id='word_1_210' title='bbox 1007 1599 1108 1640; x_wconf 86' lang='lat' dir='ltr'>tangit</span> <span class='ocrx_word' id='word_1_211' title='bbox 1123 1598 1278 1640; x_wconf 83' lang='lat' dir='ltr'>sphaeram</span> <span class='ocrx_word' id='word_1_212' title='bbox 1295 1599 1473 1630; x_wconf 88' lang='lat' dir='ltr'>secundum</span> <span class='ocrx_word' id='word_1_213' title='bbox 1490 1599 1623 1642; x_wconf 89' lang='lat' dir='ltr'>planum</span> 
     </span>
     <span class='ocr_line' id='line_1_25' title="bbox 288 1651 1624 1695; baseline -0.002 -8"><span class='ocrx_word' id='word_1_214' title='bbox 288 1656 365 1694; x_wconf 81' lang='lat' dir='ltr'>TT&#39;,</span> <span class='ocrx_word' id='word_1_215' title='bbox 392 1660 423 1685; x_wconf 88' lang='lat' dir='ltr'>et</span> <span class='ocrx_word' id='word_1_216' title='bbox 448 1654 587 1695; x_wconf 88' lang='lat' dir='ltr'>denique</span> <span class='ocrx_word' id='word_1_217' title='bbox 618 1651 751 1693; x_wconf 89' lang='lat' dir='ltr'>planum</span> <span class='ocrx_word' id='word_1_218' title='bbox 782 1657 871 1682; x_wconf 86' lang='lat' dir='ltr'>motu</span> <span class='ocrx_word' id='word_1_219' title='bbox 896 1657 991 1683; x_wconf 85' lang='lat' dir='ltr'>rectae</span> <span class='ocrx_word' id='word_1_220' title='bbox 1017 1651 1082 1682; x_wconf 94' lang='lat' dir='ltr'>TT&#39;</span> <span class='ocrx_word' id='word_1_221' title='bbox 1111 1652 1306 1692; x_wconf 81' lang='lat' dir='ltr'>formatum,</span> <span class='ocrx_word' id='word_1_222' title='bbox 1344 1653 1486 1684; x_wconf 89' lang='lat' dir='ltr'>continet</span> <span class='ocrx_word' id='word_1_223' title='bbox 1514 1664 1624 1684; x_wconf 88' lang='lat' dir='ltr'>omnes</span> 
     </span>
     <span class='ocr_line' id='line_1_26' title="bbox 289 1705 726 1750; baseline -0.018 -8"><span class='ocrx_word' id='word_1_224' title='bbox 289 1715 390 1742; x_wconf 85' lang='lat' dir='ltr'>rectas</span> <span class='ocrx_word' id='word_1_225' title='bbox 412 1707 534 1750; x_wconf 90' lang='lat' dir='ltr'>polares</span> <span class='ocrx_word' id='word_1_226' title='bbox 559 1706 672 1748; x_wconf 79' lang='lat' dir='ltr'>ptuicti</span> <span class='ocrx_word' id='word_1_227' title='bbox 694 1705 726 1735; x_wconf 89' lang='lat' dir='ltr'>S.</span> 
     </span>
    </p>

    <p class='ocr_par' dir='ltr' id='par_1_8' title="bbox 290 1759 1624 1910">
     <span class='ocr_line' id='line_1_27' title="bbox 333 1759 1622 1805; baseline -0.002 -11"><span class='ocrx_word' id='word_1_228' title='bbox 333 1763 464 1805; x_wconf 84' lang='lat' dir='ltr'>Reipsa‚</span> <span class='ocrx_word' id='word_1_229' title='bbox 485 1762 518 1790; x_wconf 80' lang='grc' dir='ltr'>1ο</span> <span class='ocrx_word' id='word_1_230' title='bbox 536 1770 576 1790; x_wconf 77' lang='lat' dir='ltr'>ex</span> <span class='ocrx_word' id='word_1_231' title='bbox 596 1759 800 1802; x_wconf 82' lang='lat' dir='ltr'>generatione</span> <span class='ocrx_word' id='word_1_232' title='bbox 816 1760 962 1802; x_wconf 85' lang='lat' dir='ltr'>sequitur</span> <span class='ocrx_word' id='word_1_233' title='bbox 977 1759 1082 1790; x_wconf 86' lang='lat' dir='ltr'>omnia</span> <span class='ocrx_word' id='word_1_234' title='bbox 1099 1759 1193 1802; x_wconf 88' lang='lat' dir='ltr'>plana</span> <span class='ocrx_word' id='word_1_235' title='bbox 1207 1770 1280 1802; x_wconf 85' lang='lat' dir='ltr'>quae</span> <span class='ocrx_word' id='word_1_236' title='bbox 1293 1770 1351 1802; x_wconf 80' lang='lat' dir='ltr'>per</span> <span class='ocrx_word' id='word_1_237' title='bbox 1363 1759 1423 1790; x_wconf 91' lang='lat' dir='ltr'>SA&#39;</span> <span class='ocrx_word' id='word_1_238' title='bbox 1439 1766 1622 1801; x_wconf 85' lang='lat' dir='ltr'>transeunt,</span> 
     </span>
     <span class='ocr_line' id='line_1_28' title="bbox 290 1812 1624 1858; baseline -0.002 -9"><span class='ocrx_word' id='word_1_239' title='bbox 290 1828 396 1849; x_wconf 86' lang='lat' dir='ltr'>secare</span> <span class='ocrx_word' id='word_1_240' title='bbox 423 1815 555 1858; x_wconf 83' lang='lat' dir='ltr'>planum</span> <span class='ocrx_word' id='word_1_241' title='bbox 580 1812 645 1843; x_wconf 88' lang='lat' dir='ltr'>TT&#39;</span> <span class='ocrx_word' id='word_1_242' title='bbox 671 1814 704 1843; x_wconf 90' lang='lat' dir='ltr'>in</span> <span class='ocrx_word' id='word_1_243' title='bbox 729 1812 814 1843; x_wconf 73' lang='lat' dir='ltr'>recta</span> <span class='ocrx_word' id='word_1_244' title='bbox 843 1824 915 1855; x_wconf 84' lang='lat' dir='ltr'>quae</span> <span class='ocrx_word' id='word_1_245' title='bbox 944 1813 1005 1844; x_wconf 84' lang='lat' dir='ltr'>erit</span> <span class='ocrx_word' id='word_1_246' title='bbox 1029 1819 1113 1844; x_wconf 86' lang='lat' dir='ltr'>recta</span> <span class='ocrx_word' id='word_1_247' title='bbox 1138 1813 1253 1857; x_wconf 87' lang='lat' dir='ltr'>polaris</span> <span class='ocrx_word' id='word_1_248' title='bbox 1276 1815 1390 1857; x_wconf 83' lang='lat' dir='ltr'>puncti</span> <span class='ocrx_word' id='word_1_249' title='bbox 1411 1814 1448 1854; x_wconf 82' lang='lat' dir='ltr'>S,</span> <span class='ocrx_word' id='word_1_250' title='bbox 1476 1821 1624 1858; x_wconf 84' lang='lat' dir='ltr'>respectu</span> 
     </span>
     <span class='ocr_line' id='line_1_29' title="bbox 291 1866 903 1910; baseline -0.011 -6"><span class='ocrx_word' id='word_1_251' title='bbox 291 1871 437 1904; x_wconf 85' lang='lat' dir='ltr'>sectionis</span> <span class='ocrx_word' id='word_1_252' title='bbox 456 1869 541 1899; x_wconf 86' lang='lat' dir='ltr'>illius</span> <span class='ocrx_word' id='word_1_253' title='bbox 562 1866 649 1910; x_wconf 85' lang='lat' dir='ltr'>plani</span> <span class='ocrx_word' id='word_1_254' title='bbox 671 1878 745 1897; x_wconf 88' lang='lat' dir='ltr'>cum</span> <span class='ocrx_word' id='word_1_255' title='bbox 767 1866 903 1909; x_wconf 74' lang='lat' dir='ltr'>sphaera.</span> 
     </span>
    </p>

    <p class='ocr_par' dir='ltr' id='par_1_9' title="bbox 290 1919 1623 2077">
     <span class='ocr_line' id='line_1_30' title="bbox 335 1919 1623 1964; baseline -0.002 -8"><span class='ocrx_word' id='word_1_256' title='bbox 335 1927 371 1956; x_wconf 82' lang='lat'>2⁰</span> <span class='ocrx_word' id='word_1_257' title='bbox 395 1924 540 1954; x_wconf 87' lang='lat' dir='ltr'>Ducatur</span> <span class='ocrx_word' id='word_1_258' title='bbox 568 1931 625 1963; x_wconf 84' lang='lat' dir='ltr'>per</span> <span class='ocrx_word' id='word_1_259' title='bbox 651 1920 671 1950; x_wconf 90' lang='lat' dir='ltr'>S</span> <span class='ocrx_word' id='word_1_260' title='bbox 701 1919 788 1951; x_wconf 88' lang='lat' dir='ltr'>aliud</span> <span class='ocrx_word' id='word_1_261' title='bbox 814 1920 948 1963; x_wconf 89' lang='lat' dir='ltr'>planum</span> <span class='ocrx_word' id='word_1_262' title='bbox 972 1920 1041 1960; x_wconf 76' lang='lat' dir='ltr'><em>Sa&#39;3</em></span> <span class='ocrx_word' id='word_1_263' title='bbox 1069 1921 1159 1952; x_wconf 85' lang='lat' dir='ltr'>istius</span> <span class='ocrx_word' id='word_1_264' title='bbox 1188 1920 1275 1963; x_wconf 90' lang='lat' dir='ltr'>plani</span> <span class='ocrx_word' id='word_1_265' title='bbox 1302 1926 1335 1951; x_wconf 82' lang='lat' dir='ltr'>et</span> <span class='ocrx_word' id='word_1_266' title='bbox 1358 1921 1446 1964; x_wconf 85' lang='lat' dir='ltr'>plani</span> <span class='ocrx_word' id='word_1_267' title='bbox 1475 1932 1533 1964; x_wconf 84' lang='lat' dir='ltr'>per</span> <span class='ocrx_word' id='word_1_268' title='bbox 1558 1921 1623 1953; x_wconf 91' lang='lat' dir='ltr'>TT‘</span> 
     </span>
     <span class='ocr_line' id='line_1_31' title="bbox 290 1973 1623 2017; baseline -0.003 -7"><span class='ocrx_word' id='word_1_269' title='bbox 290 1977 471 2010; x_wconf 86' lang='lat' dir='ltr'>intersectio</span> <span class='ocrx_word' id='word_1_270' title='bbox 492 1975 553 2006; x_wconf 87' lang='lat' dir='ltr'>erit</span> <span class='ocrx_word' id='word_1_271' title='bbox 573 1980 657 2005; x_wconf 84' lang='lat' dir='ltr'>recta</span> <span class='ocrx_word' id='word_1_272' title='bbox 679 1973 795 2016; x_wconf 82' lang='lat' dir='ltr'>polaris</span> <span class='ocrx_word' id='word_1_273' title='bbox 816 1975 929 2017; x_wconf 88' lang='lat' dir='ltr'>puncti</span> <span class='ocrx_word' id='word_1_274' title='bbox 949 1974 986 2014; x_wconf 87' lang='lat' dir='ltr'>S,</span> <span class='ocrx_word' id='word_1_275' title='bbox 1012 1980 1159 2017; x_wconf 87' lang='lat' dir='ltr'>respectu</span> <span class='ocrx_word' id='word_1_276' title='bbox 1183 1974 1295 2005; x_wconf 85' lang='lat' dir='ltr'>circuli</span> <span class='ocrx_word' id='word_1_277' title='bbox 1317 1985 1375 2017; x_wconf 86' lang='lat' dir='ltr'>per</span> <span class='ocrx_word' id='word_1_278' title='bbox 1398 1974 1469 2015; x_wconf 79' lang='lat' dir='ltr'>aa&#39;3</span> <span class='ocrx_word' id='word_1_279' title='bbox 1499 1986 1573 2006; x_wconf 88' lang='lat' dir='ltr'>nam</span> <span class='ocrx_word' id='word_1_280' title='bbox 1597 1976 1623 2006; x_wconf 87' lang='lat' dir='ltr'>si</span> 
     </span>
     <span class='ocr_line' id='line_1_32' title="bbox 292 2028 1623 2077; baseline -0.003 -13"><span class='ocrx_word' id='word_1_281' title='bbox 292 2044 349 2077; x_wconf 87' lang='lat' dir='ltr'>per</span> <span class='ocrx_word' id='word_1_282' title='bbox 364 2031 422 2063; x_wconf 85' lang='lat' dir='ltr'>SA&#39;</span> <span class='ocrx_word' id='word_1_283' title='bbox 440 2030 577 2062; x_wconf 85' lang='lat' dir='ltr'>ducatur</span> <span class='ocrx_word' id='word_1_284' title='bbox 592 2028 724 2071; x_wconf 82' lang='lat' dir='ltr'>planum</span> <span class='ocrx_word' id='word_1_285' title='bbox 740 2028 1005 2071; x_wconf 85' lang='lat' dir='ltr'>perpendiculare</span> <span class='ocrx_word' id='word_1_286' title='bbox 1021 2028 1060 2060; x_wconf 85' lang='lat' dir='ltr'>ad</span> <span class='ocrx_word' id='word_1_287' title='bbox 1076 2028 1209 2072; x_wconf 87' lang='lat' dir='ltr'>planum</span> <span class='ocrx_word' id='word_1_288' title='bbox 1224 2028 1290 2069; x_wconf 78' lang='lat' dir='ltr'>Sa&#39;,</span> <span class='ocrx_word' id='word_1_289' title='bbox 1306 2029 1437 2065; x_wconf 86' lang='lat' dir='ltr'>istorum</span> <span class='ocrx_word' id='word_1_290' title='bbox 1454 2028 1623 2072; x_wconf 86' lang='lat' dir='ltr'>planorum</span> 
     </span>
    </p>
   </div>
  </div>
 </body>
</html>
