1747 2620
877 297 889 340 (
914 298 956 329 36
980 299 991 340 )

266 376 326 407 nisi
353 376 437 407 hanc
461 375 697 407 conclusionem
723 384 760 404 ex
784 373 970 415 imperantis
993 371 1159 403 omissione
1184 383 1355 413 eruamus,
1386 383 1460 404 eum
1491 372 1601 404 officiis

265 430 329 461 suis
350 429 456 461 deesse
478 427 691 460 decidendum
718 427 767 457 sit.
806 427 874 457 Stat
900 427 1008 468 itaque
1034 426 1163 470 regula,
1191 438 1287 469 quam
1309 427 1420 458 futura
1445 426 1600 470 legislatio

266 484 366 516 civilis
386 483 513 526 Belgica
537 483 681 525 agnovit,
704 487 761 512 art.
786 482 838 511 10.
863 481 952 522 Disp.
976 491 1070 522 gen„
1097 480 1153 523 qui
1178 481 1221 511 ita
1242 486 1350 511 sonat:
1388 492 1406 511 ))
1421 481 1496 511 Het
1521 481 1600 511 bur—

263 537 384 579 get-lyk
405 543 477 579 regt
497 547 563 566 van
589 535 645 565 het
671 533 874 576 Koningtyk
897 534 926 563 is
951 533 1006 563 het
1025 532 1135 576 zeffde
1160 545 1238 565 voor
1259 534 1523 577 vreemclelingen
1546 535 1599 565 als

265 602 344 621 voor
366 591 406 620 cle
426 588 691 625 Neclerlanclers,
718 599 776 619 τοο
798 588 898 631 lange
920 586 959 617 cle
984 593 1047 618 weh
1070 588 1140 618 niet
1163 588 1387 630 bepaalclelyk
1407 589 1463 619 het
1484 594 1599 631 tegen—

266 644 341 674 deel
363 641 560 673 vastsleldss'
586 642 644 684 (1).

308 741 363 771 III.
397 740 510 782 Neque
527 739 595 770 haec
617 738 748 780 decisio,
770 739 836 770 sive
854 737 903 780 jus
919 738 1114 778 universale,
1131 738 1197 770 sive
1214 737 1263 782 jus
1277 738 1446 781 Belgicum
1461 745 1599 782 spectes,

266 794 364 826 ullam
386 795 521 836 requirit
541 793 775 824 distinctionem
793 792 930 823 incolam
946 792 1029 823 inter
1051 798 1083 822 et
1101 793 1320 835 peregrinum.
1345 792 1491 835 Uterque
1512 793 1601 824 enim

264 847 334 892 jura
357 848 502 890 quaedam
523 848 646 889 privata
665 846 854 877 naturaliter
874 845 987 885 habet,
1012 857 1084 888 quae
1106 847 1215 877 civitas
1237 846 1393 877 moderari
1413 846 1543 889 quidem
1567 852 1600 877 et

265 902 320 931 fini
337 913 393 932 suo
411 906 638 942 attemperare,
658 900 757 930 immo
775 906 806 930 et
825 911 953 942 prorsus
972 899 1083 930 tollere
1100 906 1220 942 potest,
1240 911 1354 931 verum
1371 900 1456 930 certa
1472 906 1599 931 tantum

265 960 360 996 atque
382 953 560 984 indubitata
582 952 754 983 voluntatis
776 963 842 982 suae
865 952 1093 991 declaratione,
1117 965 1188 995 quae
1207 955 1306 996 igitur
1330 954 1400 996 lege
1420 953 1545 984 definiri
1565 955 1602 986 iu

264 1008 375 1051 quavis
398 1007 538 1045 civitate,
562 1006 706 1048 adeoque
727 1006 823 1036 etiam
845 1005 879 1035 in
901 1004 1012 1048 Belgio
1037 1005 1165 1036 debent.

307 1062 397 1092 Ratio
420 1066 525 1091 tamen
542 1059 668 1099 suadet,
691 1065 728 1090 ut
749 1059 808 1090 alia
829 1059 941 1090 incolae
960 1059 1048 1102 jura,
1074 1059 1114 1090 ob
1131 1065 1320 1102 perpetuam
1343 1059 1412 1103 ejus
1429 1059 1600 1090 habitatio-

265 1127 339 1146 nem
359 1115 559 1153 tribuantur,
579 1125 615 1144 ac
631 1114 801 1156 peregrino
817 1114 925 1144 stricte
939 1114 983 1144 sic
1004 1113 1099 1144 dicto.
1122 1113 1217 1152 Quod
1234 1114 1394 1156 sapienter
1408 1114 1509 1145 secuti
1524 1119 1602 1145 sunt:

266 1169 388 1200 Codicis
409 1168 509 1200 civilis
534 1167 670 1207 Gallici,
693 1179 756 1210 quo
782 1168 889 1199 adhuc
910 1168 1050 1207 utimur,
1075 1168 1272 1208 conditore53
1297 1174 1394 1211 atque
1414 1168 1537 1207 nescio,
1558 1179 1600 1199 an

265 1224 436 1266 sapientius
453 1222 643 1254 evitaverint
661 1221 783 1253 Codicis
802 1222 939 1266 Belgici,
962 1234 1026 1265 quo
1047 1233 1120 1253 mox
1136 1221 1186 1265 jus
1202 1228 1348 1254 nostrum
1367 1221 1461 1254 civile
1481 1232 1599 1264 regen-

265 1276 342 1308 duni
364 1276 506 1315 videtur,
529 1276 707 1308 architecti.

305 1374 361 1405 IV,
394 1373 570 1412 Videlicet,
607 1373 879 1416 quemadmodum
907 1373 971 1418 jam
994 1380 1086 1406 antea
1112 1372 1339 1413 monebamus,
1374 1371 1445 1417 jure
1475 1372 1600 1404 Gallico

262 1429 405 1460 extranei
434 1428 473 1459 ad
502 1427 663 1471 duplicem
695 1428 884 1460 referuntur
913 1428 1063 1467 classem,
1098 1427 1276 1459 incolarum
1307 1438 1427 1466 unam,
1465 1427 1599 1458 alteram

262 1483 503 1525 peregrinorum
511 1506 517 1512 .

308 1537 447 1572 Incola,
474 1537 539 1568 sive
560 1542 732 1567 extraneus
752 1535 823 1575 ille,
846 1536 901 1579 qui
924 1536 1049 1568 veniam
1071 1547 1088 1566 a
1106 1546 1182 1578 rege
1201 1534 1324 1576 accepit
1344 1533 1542 1565 domicilium
1564 1534 1602 1564 in

263 1590 375 1633 Belgio
396 1590 588 1629 collocandi,
608 1590 683 1621 licet
704 1591 781 1621 civis
802 1601 866 1621 non
887 1590 942 1628 sit,
963 1590 1066 1621 utitur
1086 1595 1194 1620 tamen
1218 1587 1343 1631 juribus
1358 1588 1507 1620 civili-bus
1521 1588 1599 1619 Bel-

265 1656 377 1688 garum
399 1644 561 1684 omnibus,
588 1644 742 1687 quamdiu
766 1645 798 1675 in
822 1644 933 1688 Belgio
958 1649 1184 1676 commoratur.
1213 1641 1318 1686 Hujus
1346 1642 1466 1685 igitur,
1493 1642 1603 1684 quoad·

263 1698 384 1742 jurium
410 1698 551 1729 civilium
574 1710 684 1738 usum,
710 1710 784 1729 cuni
804 1698 915 1741 Belgio
936 1697 1143 1741 aequiparatio
1161 1695 1232 1726 talis
1254 1701 1314 1734 est,
1342 1706 1413 1738 quae
1434 1695 1599 1737 imperan-

263 1758 328 1783 tem
351 1763 413 1782 non
434 1752 531 1790 sinat,
556 1753 651 1783 etiam
674 1751 820 1794 expressa
842 1752 951 1795 legum
971 1751 1174 1794 dispositione
1194 1748 1281 1780 aliud
1305 1748 1355 1792 jus
1379 1748 1473 1781 civile
1491 1748 1602 1791 Belgis*

263 1805 349 1836 aliud
372 1806 529 1836 extraneis
552 1806 663 1836 incolis
687 1806 892 1837 constituere.
925 1806 993 1836 Art.
1022 1806 1074 1837 13.
1100 1804 1177 1835 Cod.
1201 1802 1268 1834 Civ.

309 1891 349 1922 V.
374 1892 578 1934 Peregrinus
602 1897 725 1932 autem,
751 1892 817 1924 sive
837 1898 1008 1923 extraneus
1028 1891 1097 1930 ille,
1120 1891 1193 1933 qui,
1215 1889 1333 1932 absque
1354 1890 1436 1932 regis
1457 1890 1599 1922 auctori—

311 2003 356 2031 (1)
377 2011 390 2024 ³>
403 2004 468 2026 Tout
484 2012 507 2027 ce
524 2008 565 2035 qni
582 2010 616 2028 est
633 2005 706 2028 fonde}
721 2013 760 2028 sur
778 2006 799 2028 le
814 2005 879 2028 droit
898 2005 938 2028 des
956 2012 1012 2036 gens
1029 2004 1084 2034 (Jus
1098 2004 1198 2027 Naturae
1214 2003 1345 2033 intelligit)
1356 2021 1361 2031 ,
1381 2007 1406 2025 et
1421 2002 1463 2032 qui
1480 2003 1540 2025 n'est
1556 2009 1603 2032 pas

265 2052 278 2064 n
295 2043 386 2074 change
404 2051 434 2066 ou
452 2044 548 2066 modifie
567 2045 626 2067 daus
641 2053 674 2068 un
693 2046 755 2074 etat,
773 2054 791 2076 y
813 2045 865 2068 doit
881 2046 929 2067 ἐπε
948 2044 1150 2068 inviolablement
1167 2044 1273 2066 observe-
1292 2056 1320 2060 ——
1338 2043 1391 2065 Une
1406 2042 1540 2073 obligation
1556 2049 1598 2064 11:1-

265 2093 277 2106 7»
296 2085 379 2107 turelle
398 2085 514 2114 permise,
534 2093 563 2107 ou
581 2085 662 2115 plutot
679 2093 727 2108 non
745 2086 858 2109 interdite
877 2093 920 2115 pai·
937 2086 970 2108 les
985 2085 1031 2108 lois
1050 2084 1150 2111 civiles,
1169 2088 1204 2106 est
1222 2091 1268 2106 une
1291 2083 1425 2113 obligatiou
1443 2082 1528 2110 civile,
1555 2081 1599 2113 qui

263 2134 276 2146 ιο
294 2125 333 2148 de‘s
350 2125 398 2148 lors
414 2125 513 2155 produit
531 2133 578 2148 une
593 2126 673 2149 action
691 2126 789 2151 civile.”
881 2126 1030 2158 Desquirou,
1055 2126 1140 2149 Traitei
1156 2125 1186 2147 de
1204 2125 1230 2148 la
1244 2128 1307 2147 mort
1326 2125 1399 2147 civile
1407 2128 1424 2151 ,·
1436 2123 1469 2146 N⁰
1484 2123 1537 2146 283.
