1747 2620
734 229 847 274 (49)

121 304 266 336 decretis.
292 304 365 336 Jam
387 314 463 336 vero
483 303 609 347 cognita
631 309 730 346 atque
748 310 914 347 perspecta
935 304 1124 348 legislatoris
1147 317 1237 338 mens
1260 307 1337 348 fuit,
1360 308 1464 353 hypo-

119 358 244 399 thecas,
266 370 363 401 quam
378 358 447 389 fieri
465 363 585 401 posset,
611 357 743 400 cognitu
762 357 930 389 facillimas
950 359 1100 400 reddere,
1124 367 1319 404 quapropter
1338 364 1463 395 occulta

121 412 300 456 hypotheca
329 418 388 443 art.
414 413 498 443 2121
523 418 555 443 et
575 410 660 443 2135
684 410 719 442 C.
744 411 812 445 Civ.
835 412 987 445 adversus
1010 413 1061 457 jus
1082 426 1255 446 commune
1275 418 1463 458 constituta,

120 478 219 509 quam
251 467 424 497 arctissime
450 472 497 497 est
524 465 776 508 interpretanda.
808 466 869 498 Cui
900 468 1024 499 accedit
1051 469 1110 500 alia
1140 469 1327 513 legislatoris
1354 482 1463 511 mens,

119 520 240 551 scilicet
260 521 337 551 actis
358 521 392 551 in
417 519 521 551 alieno
542 520 701 551 territorio
721 521 857 563 peractis
882 533 1010 554 omnem
1031 525 1271 556 exsecutionem
1294 526 1327 556 iu
1353 525 1464 570 Belgio

118 573 270 617 denegari
289 573 300 615 (
317 573 464 609 Ordonn,
477 573 518 604 de
530 573 617 606 1629
629 580 692 605 art.
709 576 784 605 121.
801 577 1042 619 Arre‘te‘royal
1054 578 1099 609 clu
1115 579 1136 610 9
1147 573 1334 611 Novembre
1347 581 1463 624 1814).

116 627 259 667 Deinde,
276 628 423 671 quamvis
440 627 637 671 hypothecas
654 628 843 661 mulieribus
864 642 1026 663 concessas
1045 632 1164 675 absque
1180 633 1309 676 publica
1325 635 1358 665 in
1375 641 1465 667 actus

117 682 272 714 relatione
293 683 429 714 existere
450 689 509 714 art.
532 682 618 714 2135
642 683 676 714 C.
695 683 730 714 C.
754 684 911 725 declaret,
931 691 1039 717 tamen
1055 686 1107 717 lex
1124 687 1267 718 articulis
1288 689 1465 732 insequen—

117 735 202 768 tibus
233 737 347 768 marito
378 748 415 768 ac
448 737 536 780 regio
566 738 766 780 procuratori
796 737 937 770 ossicium
967 740 1106 783 imponit
1136 740 1219 772 hanc
1249 741 1462 785 hypothecam

116 791 227 823 incolis
249 797 357 823 notam
379 791 530 823 faciendi.
551 791 741 831 Quinimmo
763 793 898 825 maritus
918 794 975 836 qui
992 794 1138 837 neglecta
1154 794 1311 838 ejusmodi
1327 796 1464 841 inscrip-

116 847 203 877 tione
233 845 372 889 aliquam
403 845 618 889 hypothecam
649 845 683 876 in
718 844 808 876 bonis
838 846 902 877 suis
930 848 1081 878 constitui
1107 848 1198 888 sinit,
1228 849 1324 893 legali
1356 852 1464 883 uxoris

118 900 299 944 hypotheca
320 912 384 931 non
407 899 583 939 declarata,
609 899 649 930 ob
670 899 868 930 stellionatus
890 901 1013 932 crimen
1041 902 1075 932 in
1105 904 1340 936 accusationem
1360 905 1466 938 dedu-

115 954 237 985 cendus
255 960 302 985 est
326 954 408 995 (art.
431 953 520 984 2136
541 953 576 983 C.
599 952 668 984 Civ.
682 953 704 994 ).
732 952 815 991 Quae
834 955 939 986 omnia
964 956 1134 988 manifeste
1154 957 1307 1000 probant,
1334 959 1464 1003 legisla—

116 1014 234 1046 torem,
255 1008 401 1050 quamvis
416 1005 570 1038 uxoribus
585 1006 754 1049 providere
765 1007 878 1047 vellet,
895 1008 1032 1040 voluisse
1050 1015 1158 1041 tamen
1175 1013 1290 1052 etiam,
1309 1019 1347 1044 ut
1368 1015 1462 1046 tertio

117 1062 236 1103 cuique
269 1061 411 1091 medium
444 1060 643 1090 tribueretur
671 1059 743 1103 jura
771 1061 882 1090 uxoria
915 1061 1066 1093 inbonis
1098 1065 1205 1095 mariti
1239 1068 1462 1109 cognoscendi.

115 1114 226 1153 Unde,
247 1114 400 1156 quoniam
421 1112 503 1143 illud
524 1112 668 1143 medium
690 1113 787 1155 plane
807 1114 936 1145 nullum
959 1121 1006 1146 est
1025 1115 1145 1159 absque
1167 1119 1356 1161 nuptiarum
1378 1121 1464 1153 rela-

113 1168 200 1199 tione
220 1168 254 1198 in
272 1172 362 1198 actus
380 1166 485 1210 Belgii
504 1166 650 1210 publicos
669 1166 733 1209 (de
749 1168 812 1210 qua
832 1174 891 1199 art.
911 1170 971 1203 171
995 1169 1029 1201 C.
1048 1170 1117 1203 Civ.
1130 1171 1157 1214 ),
1176 1174 1328 1215 quoniam
1346 1175 1463 1208 deinde

111 1222 300 1265 nuptiarum
321 1222 355 1252 in
377 1221 483 1253 alieno
503 1221 664 1253 territorio
683 1221 918 1254 celebratarum
938 1223 1028 1255 nulla
1050 1231 1097 1256 est
1114 1226 1254 1258 solennis
1275 1228 1462 1273 hujusmodi

110 1275 239 1316 relatio,
260 1276 319 1306 nisi
338 1276 581 1307 matrimonium
602 1287 618 1306 a
640 1275 740 1319 Belga
763 1282 964 1309 contractum
981 1279 1036 1319 sit,
1053 1280 1144 1323 isque
1159 1281 1258 1323 Belga
1273 1283 1308 1314 in
1323 1295 1463 1328 regnum

109 1336 314 1371 revertatur3
348 1330 479 1361 omnino
509 1330 794 1373 pronunciandum
825 1337 890 1369 est,
922 1344 1055 1364 uxorem
1084 1337 1246 1377 extranei,
1275 1340 1398 1381 nuptiis
1426 1341 1461 1372 in

110 1384 214 1416 alieno
236 1384 395 1415 territorio
419 1383 602 1424 celebratis,
624 1383 752 1415 nullum
775 1384 968 1428 hypothecae
985 1387 1096 1431 legalis
1117 1388 1167 1433 jus
1188 1390 1220 1421 in
1240 1391 1330 1424 bonis
1354 1396 1461 1427 mariti

110 1440 205 1471 etiam
227 1439 261 1469 in
281 1438 393 1482 Belgio
414 1439 481 1470 sitis
501 1438 665 1471 vindicare
685 1438 744 1470 sibi
766 1451 867 1483 posse.
900 1441 1098 1474 Contrariam
1121 1446 1313 1478 sententiam
1330 1448 1460 1481 videtur

110 1492 261 1536 amplecti
286 1492 334 1524 Cl.
358 1492 492 1533 Merlin,
513 1493 619 1535 Rep„
639 1502 685 1526 νῦ.
704 1494 868 1538 Remploi,
889 1495 965 1538 §IL
987 1508 1020 1528 n.
1036 1497 1074 1538 9,
1095 1498 1172 1530 edit.
1190 1499 1225 1541 5,
1246 1512 1279 1544 p.
1300 1502 1354 1534 93.

154 1601 281 1632 XXXI.
306 1600 475 1645 Pupillum
492 1602 590 1634 unius
606 1604 709 1646 gentis
726 1610 865 1636 tutorem
881 1605 1013 1638 alterius
1027 1606 1146 1639 habere
1161 1620 1225 1640 non
1238 1621 1328 1653 posse
1343 1622 1377 1642 n.
1394 1612 1460 1644 XV

108 1653 206 1700 hujus
232 1656 331 1699 partis
354 1657 550 1688 monuimus.
584 1658 645 1690 Hic
669 1660 766 1691 unice
790 1659 830 1691 de
852 1660 978 1703 pupillo
999 1667 1153 1694 extraneo
1183 1669 1323 1696 tutorem
1350 1672 1456 1698 extra—

110 1720 207 1742 neum
228 1709 384 1750 habente,
415 1710 541 1743 solliciti
566 1712 697 1744 erimus.
726 1713 822 1745 Illum
854 1720 964 1746 autem
986 1715 1168 1759 hypotheca
1191 1717 1287 1762 legali
1314 1720 1347 1751 in
1369 1721 1458 1753 bonis

111 1761 207 1806 hujus
227 1764 261 1795 in
282 1764 393 1808 Belgio
409 1765 475 1797 sitis
491 1777 558 1798 non
578 1767 660 1807 frui,
683 1767 828 1812 adeoque
850 1768 1001 1801 articulos
1020 1771 1103 1801 2121
1121 1777 1153 1802 et
1166 1772 1252 1804 2135
1273 1773 1308 1804 C.
1328 1774 1396 1807 Civ.
1418 1776 1457 1807 ad

110 1814 204 1847 illum
225 1828 288 1849 non
308 1819 489 1861 pertinere,
512 1821 633 1864 pariter
652 1833 692 1854 ex
713 1822 863 1866 plurimis
885 1823 1031 1869 ejusdem
1054 1825 1179 1857 Codicis
1199 1826 1457 1870 dispositionibus

110 1869 343 1904 conficiendum
364 1879 427 1914 est,
449 1874 483 1905 in
505 1874 623 1918 quibus
644 1881 714 1909 tum
734 1876 897 1921 subrogati
922 1880 1052 1919 tutoris,
1074 1886 1146 1911 tum
1170 1881 1298 1913 concilii
1320 1894 1455 1915 consan-

109 1923 320 1966 guineorum,
345 1928 467 1960 ratione
486 1928 586 1973 hujus
607 1930 798 1974 hypothecae
819 1934 941 1965 mentio
965 1934 1049 1965 facta
1071 1940 1134 1975 est,
1161 1935 1204 1967 ita
1228 1942 1266 1968 ut
1285 1938 1454 1970 manifesto

108 1983 260 2020 appareat
280 1977 466 2022 legislatoris
486 1993 577 2014 mens
598 1995 668 2016 eam
689 1986 904 2029 hypothecam
925 1988 960 2019 in
979 1987 1066 2020 illius
1087 1994 1214 2021 tantum
1232 1991 1350 2035 pupilli
1365 2003 1454 2025 com-

108 2030 241 2064 modum
263 2033 456 2076 concedere,
477 2037 531 2068 cui
550 2043 582 2069 et
603 2039 691 2071 tutor
711 2039 917 2083 subrogatus,
936 2047 969 2074 et
990 2043 1095 2086 gentis
1110 2054 1176 2077 suae
1197 2045 1369 2078 concilium
1386 2057 1452 2079 esse

1104 2108 1121 2140 7
