1747 2620
880 299 892 342 (
917 301 958 331 18
983 300 995 342 )

274 390 326 411 eos
350 375 657 421 comprehenderet,
689 373 746 417 qui
771 384 811 405 ex
838 372 906 404 aliis
931 372 1112 406 civitatibus
1138 379 1194 405 aut
1220 373 1405 417 regionibus
1428 374 1463 405 in
1490 373 1605 407 urbem

273 433 404 466 advenae
429 430 648 469 confluebant,
673 434 706 460 et
732 439 887 471 quorum,
923 428 1089 458 incolatzis
1111 438 1245 471 nempe,
1270 439 1336 459 non
1357 429 1508 459 civitatis
1535 428 1607 472 jure

273 487 501 531 gaudentium,
529 484 720 515 constitutus
748 482 824 513 olim
850 482 957 513 fuerat
980 483 1014 512 in
1040 481 1119 512 urbe
1140 488 1273 524 praetor,
1299 484 1356 525 qui
1376 483 1460 514 inter
1481 494 1534 514 eos
1557 483 1607 527 jus

272 541 407 579 diceret,
433 545 540 570 tamen
562 547 714 579 magnum
737 535 866 568 videtur
886 536 1097 567 intercessisse
1117 536 1289 568 discrimen
1306 538 1391 568 inter
1416 548 1491 568 eum
1511 548 1607 580 pere-

272 595 419 637 grinum,
444 592 630 635 simpliciter
652 591 697 621 sic
719 589 857 630 dictum,
881 591 938 633 qui
960 589 1117 631 barbaris,
1147 602 1290 634 eumque
1313 592 1370 635 qui
1394 592 1506 623 incolis
1526 597 1607 623 esset

270 646 530 679 annumerandus
560 645 617 687 (1).

314 701 405 732 Illam
432 699 563 743 quidem
585 704 810 729 extraneorum
836 697 870 728 in
895 696 973 728 duas
1000 697 1110 729 classes
1135 699 1395 731 distributionem
1413 700 1481 731 Lex
1502 699 1606 742 Belgii

268 754 519 787 fundamentalis
546 752 635 784 nulla
664 751 819 795 peculiari
854 750 1056 794 dispositione
1079 754 1228 795 agnovit,
1258 765 1371 786 verum
1395 765 1412 785 e
1437 760 1547 785 contra
1570 753 1604 784 in

269 815 328 841 art.
362 809 392 849 4.
418 807 487 852 ejus
515 807 593 850 legis
623 806 734 837 incolae
765 817 781 836 a
810 806 987 848 peregrinis
1008 806 1051 837 ita
1076 807 1338 850 distinguuntur,
1364 814 1402 839 ut
1426 807 1465 839 ad
1488 807 1609 839 incolas

269 864 451 906 pertineant
472 873 580 893 omnes
604 861 627 891 ii
653 861 709 903 qui
732 860 914 902 legitimum
935 861 969 891 in
988 872 1088 904 regno
1108 861 1306 892 domicilium
1328 862 1519 893 collocatum
1544 862 1605 893 ha·-

267 916 361 955 bent,
386 917 452 947 sive
473 916 535 945 sint
558 915 642 945 cives
662 913 839 955 indigenae,
867 915 934 946 sive
953 916 1114 955 extranei,
1140 917 1386 959 peregrinorum
1406 927 1481 948 vero
1505 916 1607 948 deno-

268 970 399 1000 minatio
415 980 466 999 eos
482 968 561 998 solos
581 967 727 1005 denotet,
744 967 799 1008 qui
812 966 924 997 alienae
936 968 1057 998 civitati
1073 968 1239 1010 adscripti,
1263 971 1458 1012 temporarie
1479 975 1606 1001 tantum

267 1024 300 1054 in
323 1022 424 1066 patria
450 1021 555 1053 nostrai
584 1026 833 1052 commorantur.

311 1110 370 1141 XI.
401 1110 493 1140 Patet
509 1110 624 1152 igitur,
644 1107 819 1139 incolatum
835 1106 973 1138 mediam
995 1107 1168 1149 quamdam
1184 1107 1353 1138 efformare
1369 1107 1605 1147 conditionem,

269 1165 439 1195 civitatem
463 1165 547 1194 inter
568 1175 604 1194 ac
624 1162 898 1205 peregrinitatem
919 1161 1048 1203 proprie
1074 1160 1208 1192 dictam:
1232 1160 1325 1205 cujus
1340 1167 1490 1191 naturam
1507 1172 1606 1193 accu-

268 1218 368 1249 ratius
393 1217 455 1261 jam
481 1215 774 1248 determinabimus.
810 1214 973 1253 Quoniam
999 1225 1075 1246 vero
1099 1214 1223 1246 Codicis
1251 1214 1334 1245 Gall.
1357 1214 1533 1246 hodiedum
1555 1216 1607 1246 vi-

269 1272 371 1314 gentis
393 1276 550 1313 praecepta
576 1269 717 1301 multum
740 1268 801 1300 hac
828 1269 862 1299 in
887 1279 922 1300 re
946 1268 1128 1311 discrepant
1148 1269 1187 1300 ab
1205 1270 1243 1300 iis
1268 1280 1341 1312 quae
1363 1270 1476 1301 statuit
1497 1268 1605 1301 Codex

266 1325 415 1367 Belgicus
442 1325 587 1363 futurus,
614 1324 784 1366 utriusque
809 1322 978 1366 separatim
1004 1323 1161 1354 rationem
1187 1322 1389 1355 habebimus.

309 1379 345 1408 In
367 1378 437 1422 jure
459 1378 589 1420 quidem
614 1377 736 1408 Gallico
764 1377 866 1420 prima
889 1376 1025 1421 hujusce
1047 1377 1192 1420 specialis
1221 1378 1322 1408 status
1350 1377 1524 1408 delineatio
1550 1388 1605 1409 re-

263 1433 388 1475 peritur
409 1433 442 1463 in
467 1438 524 1462 art.
553 1432 605 1463 13.
634 1432 669 1462 C.
692 1431 760 1463 Civ.
788 1432 845 1474 qui
869 1432 911 1462 ita
936 1437 1044 1462 sonat:
1079 1431 1313 1473 »L'e'tranger
1341 1432 1401 1473 qui
1434 1443 1520 1462 aura
1551 1433 1606 1462 e‘te'

265 1486 374 1517 admi-s·
395 1497 462 1527 par
485 1485 735 1517 l'azctorisation
756 1486 797 1516 cle
817 1485 1028 1526 Z’Emperew·
1051 1484 1119 1527 (du
1135 1485 1211 1528 Boi)
1228 1486 1249 1515 (ὶ
1269 1485 1395 1515 e'tablir
1411 1497 1472 1515 son
1496 1485 1604 1515 (lomi—

265 1541 329 1571 cile
349 1552 389 1571 en
411 1541 540 1571 France
562 1540 660 1582 (dans
678 1540 723 1572 les
745 1539 945 1583 Pays-Bas),
964 1551 995 1581 y
1010 1539 1132 1582 jouira
1153 1539 1192 1569 (le
1214 1544 1288 1569 tous
1311 1539 1360 1569 les
1382 1538 1486 1569 droits
1505 1538 1603 1569 civils

265 1600 341 1625 tant
362 1593 450 1636 qu'il
471 1595 665 1625 continzcera
692 1593 749 1635 d'y
771 1593 934 1624 re'sz'der.”

310 1649 465 1679 Videmus
489 1650 588 1691 igitur
609 1660 647 1680 ex
669 1648 796 1679 articuli
820 1647 941 1687 verbis,
964 1646 1140 1678 incolatum
1163 1657 1229 1677 esse
1250 1657 1363 1677 eorum
1386 1651 1524 1684 statum,
1546 1647 1602 1687 qui

267 1714 306 1734 ex
331 1703 413 1744 regis
438 1703 528 1734 venia
556 1703 594 1734 ad
623 1702 821 1733 domicilium
854 1702 888 1732 in
917 1701 1028 1744 Belgio
1059 1699 1320 1732 constituendum
1353 1699 1480 1730 admissi
1506 1704 1600 1736 sunt,

265 1757 407 1799 adeoque
427 1756 513 1787 illam
536 1758 618 1799 regis
637 1757 763 1788 veniam
783 1767 850 1787 esse
869 1755 1002 1787 modum
1024 1754 1212 1798 acquirendi
1232 1753 1283 1797 jus
1302 1753 1470 1784 incolatus.
1496 1751 1600 1783 Vide-

266 1822 337 1841 mus
358 1810 508 1853 amplius,
533 1811 669 1842 incolam
691 1810 772 1841 illud
792 1809 843 1853 jus
866 1822 962 1842 suum
985 1809 1080 1841 tacita
1101 1808 1274 1841 voluntatis
1296 1819 1362 1840 suae
1386 1806 1601 1838 declaratione

266 1863 410 1895 abdicare
437 1875 539 1906 posse,
568 1865 593 1894 si
618 1863 725 1894 sedem
747 1875 837 1894 suam
858 1863 892 1894 in
913 1863 1050 1894 alienam
1077 1863 1242 1906 regionem
1263 1862 1454 1901 transferat3
1486 1872 1599 1893 verum

266 1917 305 1948 de
326 1917 431 1947 coacta
453 1923 484 1948 et
506 1917 680 1948 necessaria
704 1916 782 1961 juris
802 1916 889 1948 illius
912 1917 1081 1949 amissione
1104 1917 1187 1948 nihil
1208 1917 1319 1948 statuit
1337 1915 1493 1947 articulus
1510 1916 1599 1954 13⁰⁵,

266 1970 350 2013 quod
370 1970 499 2013 quidem
515 1971 676 2002 silentium
697 1972 887 2014 gravissimis
907 1972 1064 2015 originem
1085 1970 1224 2015 praebuit
1242 1970 1396 2001 JCtorum
1413 1975 1600 2001 controver—

265 2025 333 2063 siis,
352 2035 452 2066 quum
476 2023 528 2054 alii
544 2025 740 2064 sustineant,
758 2025 845 2056 illam
862 2027 945 2069 regis
966 2027 1091 2058 veniam
1112 2025 1227 2057 natura
1249 2025 1307 2056 sua
1324 2024 1501 2068 precariam
1516 2035 1599 2064 esse,

265 2078 316 2109 alii
340 2083 449 2109 contra
475 2089 533 2120 per
553 2089 622 2109 eam
642 2079 823 2121 perfectum
844 2079 895 2123 jus
922 2079 1021 2112 tribui
1043 2086 1075 2112 et
1101 2079 1375 2112 incommutabile.

324 2174 368 2203 (1)
384 2173 424 2197 Cf.
446 2173 534 2196 Ezech.
554 2173 675 2204 Spanhem
688 2190 694 2202 ,
714 2173 740 2197 in
758 2174 814 2198 orbe
831 2175 924 2203 Rom.‚
945 2184 972 2206 p.
995 2176 1051 2199 563.
