1747 2620
889 260 1025 303 (100)

290 335 410 367 scilicet
426 334 556 378 quidam
573 334 707 366 vulnere
726 345 783 365 suo
799 339 925 365 tantum
941 333 1111 365 undecima
1127 333 1177 365 die
1193 333 1306 376 periit,
1323 332 1469 375 quamvis
1485 331 1627 375 gladium

290 397 322 422 et
344 389 521 422 auriculam
544 389 690 420 dextram
715 395 747 420 et
771 395 892 420 aortam
916 388 1141 425 transfoderatg
1166 387 1220 418 sed
1242 387 1288 418 illi
1311 387 1429 418 iterum
1457 397 1547 417 casus
1571 385 1630 417 de-

289 445 367 476 bent
391 445 499 487 potius
525 444 638 486 respici
667 449 704 474 ut
732 442 852 485 regulae
879 443 1093 484 exceptiones.
1130 441 1251 483 Saepins
1282 440 1539 472 animadversum
1567 440 1631 471 fuit

290 499 423 531 vulnera
446 497 700 530 ventriculorum
722 507 779 539 per
801 496 934 538 longum
951 501 997 526 sat
1016 495 1167 538 temporis
1188 495 1325 537 spatium
1343 494 1514 533 exstitisse,
1538 499 1630 524 ante-

291 565 387 596 quam
407 557 542 583 mortem
564 551 779 594 patraverint,
802 556 834 580 et
854 556 892 581 ut
910 549 1078 592 plerasque
1100 549 1280 592 relinquam
1306 549 1556 587 observationes,
1577 548 1631 579 hic

290 607 374 637 inter
397 605 472 636 alias
491 605 625 636 rariores
640 604 738 647 seligo
755 604 818 646 (1):
839 603 898 635 Vir
915 603 1044 646 quidam
1056 628 1063 642 ‚
1081 609 1216 634 testante
1230 603 1325 642 Riva‚
1343 602 1482 634 secunda
1499 602 1631 633 demum

291 660 342 691 die
361 659 453 698 obiit,
477 665 509 690 et
530 659 648 691 vulnus
669 658 755 701 quod
776 663 955 700 receperat,
978 657 1067 688 binas
1088 659 1120 688 in
1144 656 1323 689 ventriculo
1344 657 1456 688 dextro
1477 657 1632 688 sectiones

290 714 460 746 inflixerat.
484 713 605 745 Eodem
621 713 772 756 temporis
793 713 893 755 spatio
911 712 1008 755 periit
1028 712 1107 743 alter
1122 711 1327 751 individuus„
1345 712 1491 754 quamvis
1510 712 1633 741 instru—

247 777 254 781 “
290 774 438 800 mentum
466 767 639 800 vulnerans
662 766 753 798 binos
781 766 883 798 cordis
904 766 1099 799 ventriculos
1121 766 1315 809 perfoderat.
1346 765 1522 796 Mummius
1542 763 1634 795 Lud-

291 822 369 853 dens
382 822 529 853 meminit
549 822 610 853 viri
625 820 808 864 cujusdam,
826 821 881 864 qui
901 821 1036 852 vulnere
1050 819 1152 851 cordis
1167 819 1343 863 perfossus,
1364 824 1434 862 post
1449 818 1633 861 gravissima

290 881 501 919 symptomata
520 886 668 918 perpessa
688 875 820 905 omnino
841 875 967 905 sanitati
992 875 1158 906 restitutus
1176 873 1360 913 videbatur,
1378 879 1411 904 et
1425 872 1554 916 jamjam
1571 873 1634 903 im-

290 929 405 972 probos
429 940 501 960 suos
521 928 644 960 labores
665 929 784 960 iterum
810 935 992 971 receperat,
1016 929 1163 972 quamvis
1184 938 1266 970 saepe
1289 933 1358 970 post
1379 926 1499 959 vulnus
1519 937 1634 968 recep—

291 989 361 1014 tum
386 983 492 1014 animo
514 982 694 1023 laberetur·⁷
720 982 849 1014 tandem
877 982 1043 1014 subitanea
1064 988 1165 1013 morte
1185 993 1203 1013 e
1226 982 1305 1014 vivis
1328 979 1524 1012 substractus
1554 979 1634 1018 fuit,

290 1037 455 1081 hujusque
480 1038 590 1068 mortis
612 1037 645 1068 in
670 1037 764 1068 causa
789 1037 877 1068 stetit
897 1036 1059 1076 abcessus,
1082 1037 1138 1080 qui
1160 1036 1200 1067 ad
1219 1035 1321 1067 cordis
1342 1035 1544 1078 superficiem
1568 1044 1635 1064 sese

292 1091 465 1123 evolverat.
503 1091 690 1123 Observatio
717 1091 756 1122 ab
777 1090 922 1122 Fabricio
945 1090 1083 1122 Hildano
1105 1090 1204 1122 relata
1230 1090 1330 1132 magis
1356 1088 1462 1120 adhuc
1490 1086 1635 1118 miranda

291 1145 438 1179 videtur:
462 1146 511 1177 vir
531 1145 677 1188 quidam,
699 1146 758 1185 ait,
783 1145 872 1176 haud
895 1145 1008 1188 procu]
1028 1157 1044 1176 a
1066 1151 1187 1184 sterno,
1213 1144 1247 1175 in
1268 1143 1351 1175 latus
1375 1143 1539 1173 sinistrum
1561 1140 1636 1173 vul-

292 1210 371 1230 nere
392 1199 456 1230 fuit
481 1209 651 1241 percussus
671 1199 756 1230 inter
773 1206 920 1242 quartam
944 1206 976 1231 et
992 1200 1137 1242 quintam
1159 1205 1295 1239 costa1n3
1318 1197 1438 1230 vulnus
1457 1195 1635 1227 fistulosum

293 1253 409 1285 exinde
435 1252 583 1284 obortum
605 1258 668 1284 est:
693 1264 818 1284 summa
846 1254 979 1293 macies,
1007 1254 1106 1285 febris
1130 1259 1162 1284 et
1189 1254 1305 1284 virium
1332 1251 1490 1294 collapsus
1511 1249 1635 1281 nullam

291 1307 462 1338 sanationis
483 1317 572 1349 spem
597 1306 824 1347 admittebant3
850 1308 1092 1351 exstinctusque
1114 1307 1242 1338 tandem
1261 1307 1325 1338 fuit
1342 1305 1397 1337 ille
1419 1304 1635 1342 miserrimus,

292 1361 370 1393 dum
392 1362 425 1391 in
448 1372 610 1404 syncopen
632 1361 806 1401 incideret,
835 1368 1003 1405 postquam
1028 1373 1086 1405 per
1108 1361 1230 1405 aliquot
1254 1371 1378 1393 menses
1400 1360 1498 1391 vitam
1522 1358 1637 1390 miser-

292 1416 405 1447 rimam
428 1416 567 1447 vixerat:
589 1427 607 1447 e
629 1415 790 1448 cadaveris
811 1416 951 1447 sectione
975 1416 1192 1459 pericardium
1216 1422 1249 1447 et
1275 1421 1379 1447 totum
1401 1419 1560 1456 quantum
1583 1423 1637 1443 cor

294 1470 362 1502 fere
374 1476 601 1514 consumptum
614 1470 712 1502 fuisse
724 1471 884 1514 apparuit.
903 1471 1029 1502 Possem
1046 1470 1152 1502 adhuc
1165 1469 1265 1501 multa
1280 1469 1418 1507 referre,
1435 1479 1507 1498 nam
1520 1467 1555 1497 in
1571 1471 1637 1497 tam

294 1523 471 1556 abundanti
493 1525 698 1556 materiarum
723 1524 812 1556 fonte
837 1524 970 1555 minime
991 1523 1127 1568 hujusce
1155 1523 1280 1567 generis
1298 1520 1446 1564 exempla
1464 1520 1635 1551 deficiunt:

295 1578 388 1622 plura
408 1579 494 1609 enim
516 1578 651 1621 legenda
672 1584 749 1610 sunt
763 1578 850 1622 apud
865 1578 1027 1609 Bohnium
1043 1577 1107 1621 (2),
1126 1577 1352 1609 Bartholinum
1370 1575 1437 1617 (3),
1460 1574 1636 1606 Henricum

294 1632 333 1663 ab
349 1632 451 1664 Heere
467 1633 530 1675 (4),
550 1644 622 1676 quae
639 1639 778 1664 nostram
794 1633 924 1663 omnino
945 1631 1188 1663 admirationem
1207 1636 1349 1664 movent.
1375 1629 1528 1661 Plurimae
1543 1628 1639 1660 fuere

294 1687 430 1718 rationes
449 1687 633 1730 propositae,
650 1698 708 1729 per
723 1697 801 1730 quas
818 1686 891 1720 vitae
908 1687 1181 1719 conservationem
1194 1691 1264 1729 post
1278 1683 1464 1729 hujusmodi
1482 1683 1636 1715 vulnera-

295 1741 413 1772 tionem
435 1740 595 1783 explicare
615 1740 827 1780 studuerunt,
849 1751 1054 1784 quarumque
1073 1751 1161 1771 nunc
1178 1739 1274 1771 series
1294 1738 1457 1782 sequitur:
1480 1738 1582 1781 prima
1604 1743 1636 1768 et

296 1796 457 1838 praecipua
472 1795 588 1826 harum
601 1801 647 1826 est
658 1796 757 1839 ipsius
768 1795 910 1828 vulneris
925 1794 1082 1838 exiguitas
1093 1794 1141 1838 (5)
1154 1795 1180 1825 si
1191 1799 1299 1826 autem
1313 1799 1376 1824 tam
1389 1792 1472 1824 exile
1484 1794 1523 1824 sit
1537 1791 1617 1824 illud
1627 1815 1635 1831 ‚

358 1918 402 1946 (1)
419 1917 538 1941 Videatur
557 1919 592 1941 De
608 1919 695 1947 senae,
716 1923 775 1942 tom.
794 1920 828 1942 11.
846 1926 899 1950 pag.
915 1919 954 1941 452
974 1923 997 1941 et
1014 1926 1078 1949 seqq.

359 1959 403 1988 (2)
421 1958 455 1981 De
472 1966 571 1982 renunc.
590 1961 732 1983 vulnerum.

359 1999 403 2027 (3)
420 1998 520 2021 Cemur.
542 2001 563 2021 l.
587 2000 675 2022 histor.
698 2009 737 2030 77.

359 2040 402 2067 (4)
418 2039 614 2062 Observationes.
638 2049 665 2063 zo
683 2045 707 2063 et
723 2049 791 2072 seqq.
811 2041 883 2064 relat.

358 2080 402 2109 (5)
419 2080 454 2102 De
470 2088 572 2103 renunc.
592 2080 734 2105 vulnerum.
756 2081 817 2112 Pag.
838 2082 968 2110 261-264.
