1747 2620
723 218 837 261 (53)

117 352 1444 366 mmmmmwmwwsmmwmwsm--zmmmmmmmw*sm

115 455 486 484 APPLICA'HONES
507 455 610 489 011AE
628 453 867 482 SIGNORUM
888 451 1099 484 (JALONS)
1121 455 1242 483 USUM
1265 455 1451 485 TANTUM

642 521 925 555 Imoununv'r.

693 628 882 644 ψ

596 728 881 761 PROBLEMA
940 729 965 759 Ι.

160 822 223 853 Per
242 828 401 866 punctum
420 822 469 863 A',
490 822 612 854 visibile
630 823 683 855 sed
700 824 914 864 inaccessum,
936 828 1056 854 rectam
1078 822 1213 863 ducere,
1236 823 1268 854 id
1285 830 1331 855 est
1347 824 1455 855 deter-

116 876 239 907 minare
269 882 390 919 puncta
417 877 606 909 intermedia
633 883 728 909 rectae
759 889 831 920 quae
855 877 962 921 jungit
985 883 1144 920 punctum
1170 877 1208 907 A'
1233 889 1307 908 cum
1334 884 1455 920 puncto

117 931 291 962 concursus
306 930 445 962 duarum
462 938 623 963 rectarum
639 931 694 963 BD
708 929 740 964 et
751 932 813 963 C'C
828 943 899 975 quae
916 932 1049 975 produci
1064 943 1128 963 non
1144 938 1276 975 possunt
1292 932 1366 975 (fig.
1380 934 1421 964 18
1432 933 1454 975 ).

161 985 256 1016 Istius
276 985 479 1028 problematis
500 986 616 1018 solutio
638 998 679 1018 ex
698 987 909 1018 Theoremate
924 987 1013 1017 VHIo
1034 986 1145 1029 primae
1163 987 1261 1029 partis
1281 986 1455 1029 repetenda

118 1044 175 1069 est.
200 1039 236 1069 In
259 1039 347 1081 huno
368 1040 464 1071 finem
487 1047 625 1083 ponatur
645 1041 772 1083 signum
794 1040 920 1083 (jalon.
938 1040 1084 1082 piqzcet)
1101 1041 1134 1070 in
1152 1045 1272 1082 puncto
1290 1039 1456 1071 arbitrario

118 1091 156 1121 B'
172 1097 267 1123 rectae
282 1092 356 1132 BD,
378 1099 410 1124 et
430 1093 464 1124 in
479 1093 654 1125 directione
672 1093 761 1132 B'A',
782 1099 921 1136 ponatur
939 1093 1117 1124 secundum
1139 1094 1266 1135 signum
1285 1093 1319 1123 in
1336 1099 1457 1135 puncto

118 1144 285 1176 arbitrario
305 1146 330 1176 F
339 1159 346 1186 3
369 1147 485 1179 deinde
505 1148 539 1178 in
560 1153 681 1190 puncto
703 1146 738 1176 C'
758 1146 798 1177 ad
818 1146 987 1177 arbitrium
1007 1151 1135 1188 sumpto
1156 1147 1190 1176 in
1205 1152 1291 1177 recta
1309 1145 1381 1186 CC',
1398 1158 1457 1189 po—

117 1205 215 1230 natur
235 1200 366 1231 tertium
392 1201 520 1243 signum
543 1206 575 1231 et
595 1205 758 1243 quaeratur
782 1205 941 1242 punctum
966 1199 1006 1230 D'
1031 1205 1125 1230 rectae
1152 1199 1226 1239 BD,
1251 1199 1338 1242 quod
1359 1200 1399 1230 sit
1423 1201 1458 1230 in

119 1251 294 1284 directione
319 1254 406 1285 recta
432 1265 507 1285 cum
528 1254 625 1297 signis
648 1254 683 1285 C'
704 1260 736 1285 et
755 1254 780 1284 F
788 1266 797 1294 3
823 1253 964 1297 denique
984 1259 1148 1297 quaeratur
1169 1260 1330 1296 punctum
1353 1254 1399 1293 G⁷
1424 1255 1459 1285 in

119 1305 295 1337 directione
319 1307 405 1338 recta
430 1319 506 1339 cum
528 1307 607 1338 A'D'
633 1314 665 1339 et
692 1320 767 1340 cum
789 1308 876 1348 B'C',
906 1307 993 1351 quod
1016 1308 1051 1338 fit
1077 1307 1129 1339 vel
1150 1307 1383 1350 progrediendo
1407 1307 1458 1339 vel

119 1360 380 1403 retrogrediendo
406 1362 439 1393 in
466 1362 641 1393 directione
661 1361 752 1401 D'A'‚
777 1362 878 1394 donec
903 1367 1023 1405 puncta
1045 1361 1082 1391 B'
1098 1367 1130 1392 et
1148 1361 1182 1391 C'
1208 1362 1241 1392 in
1263 1361 1347 1393 linea
1371 1362 1457 1393 rect&

119 1412 301 1444 videantur.
326 1415 460 1445 Punctis
483 1415 508 1445 F
525 1421 557 1446 et
575 1415 604 1446 G
625 1416 775 1458 cognitis,
798 1417 942 1458 capiatur
966 1414 1053 1446 aliud
1075 1415 1226 1458 quodque
1247 1421 1406 1458 punctum
1434 1415 1459 1446 C

119 1476 215 1508 supra
236 1465 310 1506 CC',
333 1472 365 1497 et
380 1474 567 1510 quaerantur
587 1475 707 1512 puncta
727 1469 753 1500 B
770 1476 801 1501 et
817 1470 844 1501 D
864 1476 959 1501 rectae
979 1470 1053 1510 BD,
1072 1470 1105 1500 in
1121 1470 1330 1513 productione
1347 1470 1459 1514 cujus-

120 1530 184 1561 que
204 1525 299 1550 rectae
322 1520 378 1550 CG
398 1527 430 1551 et
447 1520 514 1552 CF:
537 1523 563 1553 si
583 1529 742 1565 postremo
757 1530 921 1567 quaeratur
941 1529 1100 1567 punctum
1120 1524 1147 1554 A
1167 1524 1201 1554 in
1222 1523 1334 1555 eadem
1354 1523 1459 1555 direc—

120 1573 208 1603 tione
219 1584 293 1604 cum
306 1572 358 1603 BF
367 1579 399 1604 et
409 1574 485 1613 DG,
497 1576 557 1605 erit
568 1583 727 1618 punctum
740 1578 782 1617 A,
794 1589 898 1609 unum
910 1589 927 1609 e
939 1578 1066 1620 punctis
1077 1578 1217 1620 quaesitis
1227 1578 1361 1620 (Theor.
1372 1578 1458 1609 VIII.

120 1627 233 1670 primae
253 1627 386 1670 partis).
411 1627 444 1658 Si
459 1627 497 1658 A'
518 1629 558 1659 sit
573 1640 612 1660 ex
629 1630 657 1660 A
674 1630 814 1671 visibile,
830 1637 909 1663 tunc
931 1631 990 1662 alia
1012 1638 1132 1674 puncta
1153 1632 1291 1664 inveniri
1310 1637 1458 1674 possunt:

120 1681 145 1711 si
168 1691 233 1711 non
255 1681 295 1711 sit
316 1680 455 1720 visibile,
481 1682 622 1713 secund-‘21
647 1685 830 1726 operatione
853 1684 1050 1717 obtinebitur
1075 1685 1162 1717 aliud
1188 1692 1349 1728 punctum
1370 1686 1460 1717 istius

122 1740 235 1774 rectae,
257 1734 401 1777 adeoque
422 1741 507 1766 recta
529 1737 590 1767 erit
610 1736 831 1769 determinata.

166 1788 198 1818 Si
217 1789 330 1831 puncti
347 1788 386 1819 A'
402 1789 514 1831 positio
533 1801 571 1821 ex
588 1790 815 1824 directionibus
830 1792 968 1824 duarum
984 1799 1145 1824 rectarum
1166 1792 1229 1823 FB'
1246 1799 1278 1823 et
1296 1793 1367 1824 GD'
1382 1805 1461 1825 con—

123 1841 325 1882 cluderetur,
346 1843 462 1874 solutio
483 1844 594 1876 eadem
615 1853 773 1887 maneret,
792 1846 973 1878 annotando
989 1846 1287 1877 determinationem
1304 1848 1417 1889 puncti
1433 1848 1459 1878 A

122 1895 205 1926 nihil
226 1896 313 1928 aliud
332 1908 430 1940 quam
451 1897 641 1930 directiones
661 1900 738 1931 A'B'
754 1907 786 1932 et
801 1901 880 1932 A'D'
899 1900 1081 1943 requirere:
1103 1900 1191 1932 unde
1205 1901 1355 1944 sequitur
1376 1901 1459 1933 hauc

123 1949 314 1983 solutionem
335 1951 374 1983 ad
394 1951 560 1995 problema
581 1964 715 1997 sequens
738 1966 804 1987 esse
827 1953 1110 1987 accommodatam.
