1747 2620
897 235 992 280 (6)

579 376 603 419 S
635 376 660 407 I.
713 384 817 407 ossEA
857 383 1031 405 raonams
1067 381 1261 404 commem.

321 495 478 527 Columna
504 491 688 525 vertebralis
716 496 763 522 est
792 490 882 533 quasi
908 489 988 532 lapis
1018 489 1180 533 angularis
1209 489 1307 520 totius
1336 498 1430 519 osseae
1459 487 1611 518 Thoracis

276 549 454 592 compagi53
480 558 519 578 ex
539 546 653 589 viginti
674 550 812 587 quatuor
830 543 950 575 ossibus
969 543 1136 583 brevibus,
1159 542 1380 576 vertebrarum
1403 541 1534 572 nomine
1551 540 1611 572 de-

275 604 404 646 signatis
425 608 457 633 et
477 600 563 632 varia
584 599 692 643 prouti
713 597 753 629 ad
768 598 867 629 varias
886 597 1031 640 regiones
1053 598 1217 640 pertinent
1231 597 1450 635 distinctione,
1472 595 1524 626 hic
1545 606 1610 626 non

274 656 432 695 notanda,
455 652 670 698 gaudentibus
696 651 871 683 conflatur:
898 650 967 681 liaec
988 661 1046 694 per
1069 662 1199 694 corpora
1221 662 1294 690 sua,
1318 648 1609 682 intervenientibus

274 707 627 751 fibro-cartilaginibus7
652 717 756 738 unum
778 716 875 748 super
896 704 983 735 aliud
1005 705 1220 748 superposita,
1245 704 1374 747 longam
1395 704 1536 735 formant
1558 714 1611 734 os-

273 776 358 795 seam
380 762 522 802 caulem,
547 771 686 803 superne
710 764 808 802 caput
828 758 1084 798 suffulcientem‚
1106 771 1123 790 a
1147 765 1237 802 parte
1262 770 1338 791 vero
1368 757 1514 789 inferiori
1541 767 1608 788 osse

274 829 361 849 sacro
381 816 545 848 suss'ultam
567 820 600 845 et
621 824 674 852 ea,
699 806 764 855 qua¹
786 812 966 852 descendit,
990 813 1112 844 ratione
1131 813 1313 843 crassiorem
1335 811 1542 851 evadentem,
1566 811 1610 841 ita

272 871 402 914 quidem
427 875 464 901 ut
485 870 620 911 figuram
642 865 871 909 pyramidalem
895 865 965 896 fere
988 865 1112 897 induat.
1143 866 1288 898 Diversas
1309 876 1376 908 prae
1396 875 1429 895 se
1453 864 1516 895 fert
1535 874 1610 906 spe-

273 926 355 964 cies,
382 924 489 967 prouti
510 921 641 953 diversis
667 919 810 963 partibus
831 919 1001 961 aspicitur,
1027 925 1059 949 et
1080 919 1124 949 sic
1146 930 1164 949 a
1189 924 1278 961 parte
1301 918 1432 961 quidem
1458 917 1610 948 anteriori

272 979 454 1017 observata,
483 982 637 1008 truncum
671 974 752 1005 sistit
782 983 907 1004 osseum
943 970 1149 1011 verticalem‚
1180 970 1258 1001 hinc
1293 970 1368 1001 inde
1397 970 1506 1012 spatiis
1540 970 1610 1000 fere

272 1032 464 1077 aequalibuS‚
486 1030 703 1074 depressiones
721 1025 961 1065 transversales,
984 1036 1001 1056 a
1020 1035 1053 1056 se
1070 1024 1209 1057 invicem
1230 1022 1611 1066 fibro-cartilaginearum

272 1098 332 1130 ope
365 1091 523 1128 separatas
536 1108 544 1123 ,
576 1087 818 1114 monstrantem.
862 1079 970 1110 Facies
1004 1078 1073 1123 ejus
1100 1078 1255 1121 posterior
1288 1077 1322 1108 in
1351 1076 1436 1108 linea
1463 1075 1611 1107 mediana

271 1140 386 1171 seriem
409 1138 502 1169 offert
522 1136 735 1180 apophysium
757 1135 973 1177 spinosarum,
998 1143 1070 1175 quae
1091 1142 1130 1162 ex
1151 1136 1288 1173 utroque
1309 1129 1409 1161 latere
1431 1129 1610 1172 depressio-

270 1205 344 1225 nem
371 1192 532 1235 praebent,
564 1190 690 1233 (sulcos
719 1189 842 1219 scilicet
867 1186 1024 1230 spinales)
1055 1186 1152 1217 totius
1183 1185 1341 1216 columnae
1372 1183 1609 1226 longitudinem

270 1252 505 1291 percurrentes.
528 1242 715 1275 Lateraliter
730 1244 871 1284 inspecta
887 1240 986 1271 caulis
1001 1246 1048 1271 est
1060 1239 1143 1270 binis
1160 1238 1365 1277 flexionibus,
1386 1238 1520 1268 formam
1536 1237 1606 1268 fere

268 1301 383 1332 litterae
398 1300 417 1330 S
433 1296 659 1336 similantibus,
672 1295 818 1327 distincta
828 1318 836 1334 ,
849 1293 937 1325 adest
952 1293 1004 1324 hic
1018 1303 1148 1336 quoque
1164 1292 1259 1323 series
1274 1291 1486 1334 apophysium
1506 1297 1610 1321 trans-

268 1364 447 1392 versarum‚
468 1364 485 1383 a
506 1362 539 1382 se
555 1351 693 1383 invicem
712 1354 931 1392 separatarum
951 1348 1059 1391 spatiis
1078 1347 1237 1378 foramina
1258 1344 1510 1377 monstrantibus
1531 1355 1609 1375 con-

266 1408 392 1451 jugata,
412 1417 469 1449 per
494 1404 593 1436 basim
614 1403 731 1435 harum
752 1403 964 1446 apophysium
986 1401 1133 1440 formata,
1156 1407 1188 1431 et
1208 1401 1314 1431 exitus
1336 1399 1450 1441 viginti
1471 1404 1610 1441 quatuor

267 1472 441 1492 nervorum
462 1458 634 1502 spinalium
650 1456 779 1500 paribus
795 1455 980 1499 praebentia.
1001 1455 1170 1486 Foramina
1188 1453 1260 1485 haec
1275 1452 1516 1484 communicant
1533 1463 1608 1483 cum

268 1514 371 1546 canali
396 1512 564 1546 vertebrali
590 1510 764 1543 medullam
780 1509 954 1553 spinalem,
980 1508 1173 1540 membranis
1197 1507 1261 1539 suis
1281 1505 1529 1545 circumdatam,
1555 1506 1607 1537 in-

266 1569 426 1602 volventi:
453 1567 570 1598 canalis
590 1566 643 1597 hic
665 1571 762 1597 totam
783 1563 1019 1608 longitudinem
1041 1564 1159 1606 spinae,
1185 1568 1270 1593 retro
1291 1572 1423 1604 corpora
1443 1559 1609 1592 vertebra—

267 1634 341 1654 rum
362 1621 537 1664 percurrit,
565 1631 698 1663 corpore
717 1625 750 1651 et
772 1617 992 1651 vertebrarum
1017 1617 1144 1648 laminis
1165 1616 1341 1655 formatur,
1371 1625 1511 1657 superne
1532 1625 1608 1645 cum

268 1677 424 1708 foramine
450 1686 564 1717 magno
582 1673 740 1717 occipitali
760 1671 993 1711 communicat,
1014 1670 1143 1702 inferne
1165 1680 1241 1702 vero
1260 1680 1336 1701 cum
1358 1667 1460 1699 canali
1483 1667 1606 1698 sacrali.

266 1732 303 1761 In
325 1730 392 1773 ipsa
413 1728 562 1760 columna
585 1727 769 1766 vertebrali,
796 1733 859 1758 tres
881 1725 1025 1769 regiones
1043 1725 1305 1767 distinguuntur:
1327 1721 1507 1761 cervicalis,
1531 1720 1608 1751 dor—

267 1784 338 1816 salis
358 1790 391 1815 et
415 1782 584 1823 lumbaris,
611 1782 650 1813 ad
672 1787 817 1812 nostrum
839 1780 946 1812 forum
969 1778 1191 1811 tantummodo
1212 1778 1352 1820 pertinet.
1371 1776 1458 1818 regio
1477 1774 1606 1806 dorsalis

268 1839 388 1883 quippe
407 1838 482 1880 quia
503 1836 623 1867 scilicet
642 1835 706 1867 sola
726 1835 862 1866 Thoraci
882 1833 1063 1877 respondet.
1092 1831 1232 1864 Medulla
1256 1830 1386 1874 spinalis
1407 1821 1606 1860 continuatio

272 1899 317 1925 est
330 1891 477 1923 medullae
493 1891 685 1934 oblongatae,
704 1890 839 1933 longum
856 1889 937 1920 sistit
955 1887 1142 1920 funiculum
1159 1884 1370 1916 medullarem
1387 1882 1607 1926 irregulariter

268 1946 480 1990 cylindricum
503 1951 534 1976 et
556 1945 595 1976 ab
620 1944 740 1976 annulo
762 1943 838 1975 inde
864 1942 1018 1974 cerebrali
1045 1951 1148 1984 usque
1172 1939 1211 1971 ad
1232 1940 1368 1982 primam
1391 1937 1606 1969 secundamve

266 2000 445 2034 vertebram
461 1998 640 2031 lumbarem
656 2004 842 2038 extensum,
859 2008 922 2040 quo
937 1997 970 2028 in
985 1995 1054 2027 loco
1072 1996 1106 2026 in
1125 1993 1259 2025 caudam
1275 1993 1426 2036 equinam
1448 1990 1605 2022 termina-

265 2062 328 2087 tur.
349 2054 497 2086 Anterior
517 2063 588 2096 pars
607 2052 641 2083 in
662 2052 784 2083 ratione
804 2063 878 2084 cum
902 2051 984 2083 facie
1004 2049 1171 2094 posteriori
1191 2058 1361 2090 corporum
1380 2044 1601 2079 vertebrarum
