1747 2620
130 270 868 286 ‘aeae‘taee‘aeeaetttwaeae‘waeaeee‘
874 273 1394 293 “JJJJJ-Jppwptae‘ff‘
1401 280 1424 294 Ι
1431 279 1454 293 Ι

542 558 1012 603 PRAEFATIO.

169 1108 379 1150 Quicumque
403 1108 452 1138 ad
472 1109 642 1142 hominum
658 1119 734 1150 prae
758 1111 875 1141 ceteris
902 1113 1109 1147 animalibus
1129 1121 1369 1159 proestantiam
1395 1130 1450 1155 at-

120 1169 226 1201 tendit
255 1175 289 1201 et
316 1172 508 1202 accuratius
535 1173 570 1202 in
603 1170 678 1214 ejus
709 1184 833 1204 causas
859 1174 1020 1217 inquirit,
1054 1178 1117 1210 lias
1147 1192 1213 1212 non
1241 1183 1277 1214 in
1302 1188 1448 1227 corporis

115 1239 284 1265 structura
304 1240 338 1266 et
359 1235 508 1273 viribus,
536 1236 692 1279 quamvis
718 1248 923 1278 summopere
944 1240 1126 1279 mirandis,
1154 1244 1218 1275 sed
1234 1246 1270 1282 in
1290 1248 1445 1287 eximiis,

114 1297 239 1339 quibus
265 1298 448 1330 instructus
476 1305 529 1330 est
551 1300 665 1337 homo,
700 1300 807 1331 animi
832 1301 966 1333 dotibus
993 1306 1192 1346 quaerendas
1217 1320 1312 1348 esse,
1336 1310 1447 1354 facile

112 1359 333 1402 confitebitur.
356 1361 467 1400 Quam
482 1361 617 1404 quidem
628 1363 900 1404 proestantiorem
915 1367 1022 1397 nostri
1035 1374 1170 1409 partem
1185 1377 1224 1402 ut
1239 1373 1313 1405 sine
1334 1375 1446 1407 admi-

111 1424 239 1455 ratione
260 1430 295 1455 et
310 1431 412 1467 grata
435 1425 543 1456 divini
566 1427 714 1458 auctoris
741 1428 967 1460 recordatione
991 1433 1209 1474 contemplari
1232 1447 1298 1467 non
1316 1448 1445 1479 possu-

112 1497 185 1518 mus
192 1500 207 1526 ,·
232 1488 281 1518 ita
302 1489 408 1519 simul
425 1500 558 1532 quoque
580 1495 615 1521 et
631 1496 748 1532 sponte
763 1489 838 1533 fere
862 1502 928 1523 sua
945 1494 1042 1525 nobis
1064 1507 1138 1528 sese
1160 1497 1258 1541 offert
1276 1503 1440 1543 quaestio,

112 1556 221 1581 utrum
244 1552 391 1587 nobilius
416 1553 522 1591 illud,
554 1553 645 1596 quod
668 1554 703 1584 in
727 1554 823 1585 nohis
846 1556 977 1598 cogitat
996 1564 1030 1589 et
1055 1561 1165 1601 sapit,
1192 1562 1332 1605 majoris
1353 1576 1441 1596 sem-

104 1624 170 1655 per
184 1613 404 1656 perfectionis
425 1616 666 1659 consequendae
688 1617 883 1650 habiturum
907 1621 956 1651 sit
975 1625 1276 1665 opportunitatem,
1299 1639 1345 1659 an
1366 1640 1441 1661 vero

110 1676 222 1708 eodem
239 1682 400 1719 tempore,
424 1690 491 1721 quo
512 1691 535 1710 a
555 1691 686 1722 corpore
707 1681 918 1726 sejungitur,
944 1686 1051 1718 simul
1071 1699 1147 1720 cum
1167 1690 1230 1721 hoc
1251 1691 1440 1725 dissolven-

110 1739 189 1770 dum
216 1741 265 1771 sit
291 1747 394 1784 atque
418 1744 723 1787 exstinguendum?
759 1747 838 1779 Jam
869 1760 943 1780 vero
968 1751 1049 1782 licet
1076 1753 1222 1796 quisque
1247 1757 1439 1789 mortalium

103 1813 168 1842 pro
195 1803 340 1845 ingenti,
382 1807 473 1848 quod
497 1808 530 1839 ei
565 1809 669 1847 inest,
702 1812 782 1842 vitae
814 1815 1050 1850 conservanda²
1080 1822 1114 1848 et
1141 1829 1246 1860 supra
1273 1821 1439 1852 tumulum

110 1866 344 1899 continuandoe
368 1869 532 1903 desiderio
560 1876 806 1916 responsionem
829 1889 906 1909 mox
927 1886 1090 1921 paratam
1115 1881 1235 1919 habet,
1260 1889 1364 1926 atque
1388 1886 1438 1916 ita

108 1940 146 1960 se
170 1941 299 1972 semper
324 1933 488 1966 victurum
513 1948 604 1976 esse,
644 1941 774 1973 credere
803 1943 968 1985 affirmat,·
999 1944 1076 1975 inde
1103 1945 1248 1977 nondum
1278 1948 1356 1989 ipsa
1389 1950 1437 1979 rei

107 1993 233 2024 veritas
256 1994 413 2036 efficitur,
438 1999 500 2030 secl
513 2006 736 2044 argumentis,
761 2007 833 2037 sive
852 2008 1072 2046 necessariis,
1094 2009 1166 2041 sive
1178 2011 1432 2052 probabilibuS,

108 2056 179 2087 hoec
202 2060 369 2091 sententia
383 2060 509 2103 fulciri
538 2065 643 2098 dehet.
682 2069 767 2107 Quoe
791 2070 866 2101 cum
896 2071 947 2102 ita
968 2072 1056 2110 sint,
1088 2073 1274 2106 utilissima
1296 2087 1378 2107 sane
1402 2081 1436 2108 et
