1747 2620
897 248 909 291 (
936 251 975 289 74
1002 249 1013 289 )

329 327 452 359 Verum
474 327 637 358 enimvero
659 326 684 357 si
708 325 841 359 vulnera
863 329 989 355 secante
1010 329 1216 366 pungenteve
1234 323 1447 354 instrumento
1469 324 1622 355 musculis

285 382 436 413 Thoracis
461 381 568 421 illata,
596 392 659 412 non
691 381 832 412 multum
858 379 965 410 damni
993 384 1025 409 et
1055 378 1156 408 rarius
1182 377 1259 419 quid
1287 376 1404 407 lethale
1431 383 1622 420 provocant,

285 436 379 479 longe
395 436 453 467 alia
470 447 519 466 res
535 441 581 466 est
593 435 632 466 de
648 435 780 465 istarum
798 435 937 476 partium
955 432 1204 464 contusionibus.
1223 431 1345 474 Corpus
1361 431 1561 463 contundens
1573 431 1625 463 vel

285 490 461 533 simplicem
475 489 695 520 contusionem
704 512 711 526 ,
722 487 810 518 null-21
823 486 995 518 accedente
1007 486 1113 528 plaga,
1125 485 1174 516 vel
1187 485 1312 528 plagam
1324 491 1487 516 contusam
1499 485 1625 517 essicere

286 550 399 586 potest.
418 543 626 574 Contusiones
641 542 829 584 insigniores
841 539 937 583 vulgo
951 539 1050 582 globis
1061 539 1111 571 vel
1122 539 1315 582 sclopetariis
1327 539 1375 570 vel
1392 545 1624 570 tormentorum

285 598 473 629 bellicorum
494 596 704 639 infliguntur,
725 607 797 626 nam
821 606 892 638 qua:
914 594 983 625 aliis
1003 592 1187 636 corporibus
1210 592 1481 624 contundentibus
1503 593 1625 624 deben-

285 658 338 682 tur
349 676 357 690 ,
381 657 412 682 et
429 662 499 694 quae
516 662 581 681 11011
597 651 658 680 nisi
672 650 824 680 Thoracis
842 649 978 692 parietes
998 649 1137 686 feriunt,
1154 648 1256 678 rarius
1272 647 1425 678 damnum
1442 647 1626 690 producunt

284 706 403 737 lethale
419 706 478 748 (1).
496 705 642 736 Gravitas
659 704 883 735 contusionum
900 702 1066 745 globorum
1082 701 1343 744 sclopetariorun]
1357 712 1396 732 ex
1412 712 1449 732 eo
1465 702 1625 744 exsurgit,

285 759 370 803 quod
390 760 502 791 vicinae
524 764 628 801 partes
643 769 708 788 nou
725 756 947 788 tantummodo
967 755 1175 793 collidantur,
1198 754 1395 793 lacerentur,
1414 753 1626 794 divellantur',

285 814 339 845 sed
361 813 448 856 quod
468 824 584 855 organa
605 812 749 843 Thorace
771 816 920 842 contenta
939 809 1058 841 validas
1076 808 1193 840 exinde
1213 809 1440 839 commotiones
1465 814 1496 839 et
1520 810 1627 839 omnia

285 868 401 899 exinde
427 866 619 910 profluentia
641 865 723 896 mala
753 865 933 907 patiantur3
958 863 1129 906 gangraena
1150 869 1183 894 et
1203 863 1384 894 omnimoda
1409 863 1628 906 desorganisa-

286 922 371 952 tione
399 926 504 962 partes
530 918 702 962 aliquando
725 917 922 949 musculares
945 916 1140 955 alliciantur,
1171 928 1243 959 quae
1270 917 1474 948 certissimam
1501 923 1571 960 post
1595 928 1628 948 se

286 975 420 1006 trahunt
442 980 592 1011 mortem,
615 984 717 1015 quum
739 971 829 1003 nulla
850 972 890 1001 sit
909 970 958 1001 his
977 970 1164 1013 applicanda
1186 970 1365 1001 medicatio.
1385 971 1534 1002 Leviores
1550 982 1629 1002 con-

286 1029 426 1060 tusiones
448 1029 516 1059 sine
532 1027 667 1059 vulnere
683 1026 844 1057 ordinario
865 1024 959 1055 facile
980 1031 1148 1062 sanantur⁷
1165 1035 1266 1067 quum
1285 1030 1392 1055 tamen
1410 1023 1576 1055 validiores
1597 1030 1631 1055 et

288 1082 471 1125 grandiores
491 1082 570 1121 siut,
597 1092 729 1124 magna,
756 1079 951 1122 periculosa,
977 1079 1041 1109 imo
1064 1078 1193 1109 lethalia
1213 1083 1424 1121 symptomata
1446 1077 1631 1120 producunt

288 1138 337 1168 uti
359 1136 457 1167 hacce
478 1135 696 1166 observatione
721 1133 898 1166 videndum
922 1138 969 1163 est
989 1132 1046 1173 (2).
1080 1143 1097 1161 ))
1114 1131 1267 1163 Helvetiis
1288 1131 1419 1173 quidam
1442 1131 1631 1163 vulneratus

289 1201 308 1221 ))
325 1190 388 1221 fuit
410 1189 502 1232 globo
518 1188 670 1230 (bombe)
686 1188 769 1218 circa
786 1186 924 1218 mediam
941 1185 1068 1229 majoris
1082 1184 1249 1227 pectoralis
1265 1191 1405 1226 partem3
1422 1185 1510 1216 nulla
1527 1197 1630 1228 quum

288 1255 308 1275 »
324 1243 446 1274 adesset
465 1243 763 1285 integumentorum
783 1240 983 1278 dilaceratio,
1006 1250 1065 1269 nec
1085 1239 1177 1281 plaga
1195 1238 1276 1278 ulla,
1298 1240 1476 1270 contusioni
1493 1239 1631 1282 penicil-

290 1308 309 1328 ))
326 1297 395 1328 lum
411 1297 475 1328 fuit
490 1295 685 1338 applicatum
696 1318 704 1334 ‚
721 1300 754 1326 et
768 1294 816 1325 bis
831 1300 920 1327 terve
936 1293 1000 1325 fuit
1015 1299 1123 1336 aperta
1139 1304 1218 1324 vena
1235 1294 1411 1335 aegrotanti.
1429 1293 1634 1324 Contusionis

290 1363 309 1383 1)
327 1352 437 1382 incisio
453 1351 516 1382 fuit
532 1350 695 1393 neglecta3
714 1348 804 1381 febre
819 1348 943 1380 intensa
957 1353 1122 1390 correptus
1135 1346 1173 1377 ad
1189 1347 1405 1377 nosocomium
1420 1346 1485 1378 fuit
1499 1346 1630 1388 allatus3

290 1418 308 1437 1)
326 1406 411 1437 Petit
431 1405 558 1448 aperuit
574 1404 795 1435 contusionem
813 1415 884 1446 quae
901 1402 963 1446 jani
985 1402 1180 1433 eminentem
1198 1412 1402 1444 gangraenam
1420 1401 1630 1441 monstrabat,

292 1472 309 1491 ))
327 1471 365 1491 ex
389 1461 543 1491 incisione
564 1458 705 1489 multum
726 1458 805 1489 exiit
825 1457 924 1488 saniei
947 1456 1176 1499 sanguinisque
1197 1455 1375 1498 granulati3
1402 1455 1434 1485 in
1461 1455 1552 1498 plaga
1578 1456 1632 1486 in-

293 1526 310 1545 »
327 1514 512 1545 troductum
535 1512 672 1555 digitum
695 1511 735 1543 ad
754 1511 882 1543 axillam
904 1521 1006 1553 usque
1026 1509 1160 1552 protulit
1181 1514 1213 1539 et
1234 1508 1373 1539 multum
1395 1508 1501 1539 adbuc
1521 1509 1635 1540 similis

292 1580 310 1599 ))
329 1567 471 1598 materiei
487 1567 641 1606 extraxit3
665 1577 767 1608 quum
788 1564 885 1596 febris
905 1564 1104 1606 persisteret,
1125 1564 1243 1594 iterum
1261 1563 1448 1594 xenaesectio
1469 1562 1532 1594 fuit
1548 1575 1631 1606 pree-

294 1633 312 1652 1)
328 1622 462 1663 scripta3
489 1632 592 1652 novus
617 1619 767 1663 apparuit
785 1617 930 1649 abcessus
951 1628 1047 1661 quem
1072 1617 1199 1659 aperuit
1219 1617 1320 1655 Petit,
1346 1616 1510 1661 hujusque
1531 1618 1635 1649 saniei

294 1687 312 1706 ))
329 1675 454 1706 exitum
478 1673 673 1711 conciliavit3
697 1672 767 1712 sed,
794 1671 844 1702 his
866 1670 1014 1703 omnibus
1032 1672 1191 1702 incassum
1212 1669 1361 1701 adhibitis
1381 1670 1494 1701 mediis
1515 1671 1629 1711 febris,

292 1741 311 1760 1)
326 1728 459 1760 hecticae
476 1726 605 1765 indolis,
624 1726 839 1765 continuavit,
856 1726 1025 1756 incisiones
1042 1725 1195 1756 institutae
1213 1735 1284 1768 quae
1301 1724 1431 1755 fuerant
1446 1725 1536 1756 siccae
1551 1736 1630 1757 eva—

295 1795 313 1814 »
329 1788 440 1814 serunt
459 1787 491 1812 et
511 1780 640 1812 tandem
662 1781 758 1823 periit
776 1779 830 1811 ille
852 1779 978 1810 miser.''
1005 1779 1211 1810 Manifestum
1227 1784 1273 1809 est
1292 1784 1426 1810 mortem
1445 1778 1551 1818 illam,
1573 1791 1633 1822 pro

295 1836 400 1880 aliqua
429 1835 539 1866 saltem
562 1841 668 1878 parte,
696 1840 899 1877 provocatam
921 1833 1019 1864 fuisse
1044 1845 1061 1863 a
1088 1832 1232 1875 neglecta
1254 1833 1422 1872 incisione,
1447 1832 1500 1863 illa
1523 1838 1632 1873 tamen

295 1891 470 1922 observatio
488 1895 641 1920 monstrat
656 1894 815 1931 quantum
831 1886 1012 1930 periculum
1027 1898 1064 1918 ex
1082 1887 1130 1917 his
1147 1885 1334 1918 vulneribus
1349 1886 1509 1929 profluere
1524 1887 1632 1930 possit.

340 1944 491 1975 Contusio
512 1944 564 1974 cui
585 1943 677 1985 plaga
698 1942 820 1974 accedit
842 1953 879 1973 eo
899 1947 946 1973 est
966 1942 1107 1984 gravior,
1131 1953 1195 1985 quo
1215 1941 1315 1972 fuerit
1335 1941 1519 1982 violentior,
1546 1941 1632 1985 quod

357 2060 389 2089 (1)
406 2061 497 2090 Boyer‚
517 2059 537 2081 1.
556 2058 593 2087 l.‚
613 2063 674 2081 tom.
694 2059 754 2082 V11.
775 2066 833 2089 pag.
849 2058 905 2087 304,
921 2059 983 2081 edit.
1005 2057 1131 2081 Parisinae.

357 2100 389 2129 (2)
406 2099 483 2128 Petit,
500 2099 545 2122 lib.
567 2098 604 2125 l.,
622 2102 684 2121 tom.
704 2100 726 2121 Ι.
749 2106 805 2129 pag.
825 2098 865 2129 98.
