1747 2620
715 247 825 289 (19)

117 329 189 361 quae
210 328 474 360 unumquemque
494 317 528 348 in
548 328 584 352 eo
609 317 769 349 elaborare
791 318 897 361 jubet,
926 325 963 350 ut
983 325 1100 354 sortem
1119 331 1209 352 suam
1231 321 1343 354 reddat
1366 334 1436 355 me-

117 371 227 402 liorem
250 377 282 402 et
299 370 491 402 liberiorem.
513 370 563 402 En
586 371 728 401 omnium
752 370 792 401 de
816 381 940 402 summa
964 373 1104 414 potentia
1124 375 1359 408 contentiones!
1386 377 1435 406 En

116 424 218 455 civem
244 434 406 465 quemque
429 435 447 457 a
472 423 632 465 principe,
659 423 836 465 principem
857 435 875 457 a
897 424 968 456 cive
988 435 1115 467 quoque
1137 425 1196 457 sibi
1220 429 1434 463 metuentem!

116 476 165 507 En
194 475 277 507 bella
307 475 432 516 civilia,
459 476 631 518 imperium
665 475 874 516 dissolutum!
907 494 951 500 ——-
984 477 1026 507 Et
1056 476 1239 520 hujusmodi
1272 478 1435 519 doctrina,

113 539 213 571 quam
232 528 327 567 ratio,
352 539 447 570 quam
470 527 643 562 Annalium
663 534 871 561 monumenta
892 528 1074 561 dissuadent
1094 535 1126 560 et
1144 529 1357 572 detestantur,
1383 534 1437 564 cui

114 582 172 623 qui
191 581 276 612 cives
295 581 433 613 actiones
457 592 529 613 suas
549 580 844 619 accommodarunt,
868 591 993 623 semper
1017 582 1132 613 nefarii
1151 582 1335 625 reipublicae
1359 596 1437 627 pro-

114 633 231 665 ditores
250 633 432 677 ordinisque
452 634 552 668 civilis
572 644 731 666 eversores
750 633 882 677 judicati
902 639 993 673 sunt,
1014 635 1070 676 qui
1091 645 1164 666 vero
1184 636 1344 678 principes
1365 648 1435 668 eam

111 692 189 718 sunt
213 687 334 727 secuti,
360 698 410 719 nae
435 688 486 719 isti
513 688 610 721 vitam
638 692 803 729 perpetuae
833 687 929 717 morti
957 686 1111 727 similem,
1138 693 1208 729 post
1234 688 1298 719 fata
1328 695 1436 720 autem

111 746 306 772 «exsecratam
329 741 380 773 sui
400 741 585 773 memoriam
609 739 827 781 reliquerunt:
849 738 909 769 hac
926 739 1026 780 igitur
1047 739 1189 771 doctrina
1211 741 1329 772 firmari
1344 742 1436 783 prin—

112 793 223 835 cipum
248 798 451 835 potestatem,
476 803 550 823 cum
576 792 720 822 Hallero
748 791 947 823 statuamus?
973 792 1010 824 In
1034 803 1071 823 ea
1095 793 1259 835 refugium
1287 794 1436 828 adversus

113 845 257 876 homines
274 845 433 876 seditiosos
449 850 484 875 et
504 843 704 878 turbulentos
727 855 906 886 quaeramus
924 843 997 886 (1)?

157 897 219 928 Sed
238 897 301 941 jam
327 897 402 929 alios
423 896 534 936 audio,
562 908 627 927 non
650 897 718 928 sine
741 897 787 927 ira
808 896 997 931 clamantes:
1019 909 1037 928 o
1057 898 1188 940 impiam
1211 899 1298 930 illam
1317 899 1436 931 doctri—

109 951 205 982 nam!
231 962 249 980 o
273 951 414 983 insanam
437 950 646 980 temeritatem
670 960 798 988 eoru-m,
825 949 881 991 qui
903 959 1067 980 summum
1090 951 1125 981 in
1146 951 1309 993 republica
1331 953 1436 995 impe—

113 1004 198 1034 rium
229 1003 397 1033 hominum
431 1002 640 1034 conventione
674 1001 848 1035 fundatum
875 1012 940 1032 esse
972 1002 1130 1033 sustinent
1159 1009 1192 1033 et
1219 1005 1434 1046 proclamant!

109 1055 199 1086 *Num
229 1056 374 1097 ignorare
403 1061 553 1096 possunt,
585 1066 602 1085 a
628 1056 699 1084 solo
728 1055 803 1085 Deo
832 1065 961 1086 manare
988 1065 1115 1085 omnem
1143 1062 1349 1097 potestatem,
1375 1069 1436 1089 nec

113 1114 220 1138 autem
246 1119 263 1137 a
288 1107 468 1137 mortalium
499 1107 662 1138 voluntate
691 1112 787 1148 atque
817 1105 948 1137 arbitrio
974 1117 1043 1138 eam
1059 1108 1204 1138 venire?
1236 1108 1310 1147 Quo
1337 1110 1436 1152 igitur

110 1160 184 1204 *jure
205 1160 256 1199 id,
286 1160 371 1202 quod
394 1165 441 1190 est
465 1160 580 1191 divinae
606 1160 833 1199 institutionis,
862 1159 974 1201 populi
1004 1171 1158 1191 consensu
1184 1161 1218 1191 in
1243 1162 1435 1204 imperantes

112 1213 262 1244 collatum
282 1224 348 1244 esse
371 1212 594 1244 contendunt?
619 1231 662 1237 -—
685 1212 808 1243 Verum
829 1213 1008 1251 enimvero,
1031 1212 1070 1243 A.
1093 1213 1150 1253 H.,
1173 1220 1212 1245 ut
1232 1215 1435 1252 concidamus

104 1272 144 1297 et
164 1266 368 1297 dissolvamus
386 1266 599 1308 gravissimam
619 1265 706 1296 illam
727 1265 897 1307 impietatis
921 1264 1192 1306 criminationem,
1210 1267 1247 1298 in
1265 1268 1297 1298 id
1309 1268 1434 1308 statim,

111 1330 203 1361 rogo,
224 1319 401 1349 accuratius
420 1319 633 1360 inquiramus,
656 1317 732 1359 quid
753 1317 812 1348 sibi
828 1316 906 1349 velit
927 1316 1033 1352 divina
1052 1318 1122 1358 illa,
1144 1330 1239 1361 quam
1262 1321 1434 1363 praedicant

111 1371 296 1410 adversarii,
321 1372 447 1412 imperii
471 1371 574 1413 origo;
600 1370 714 1401 deinde
738 1369 955 1412 dispiciamus,
978 1381 1019 1401 an
1037 1371 1108 1402 vhaec
1128 1372 1231 1414 origo,
1257 1384 1353 1415 quam
1377 1385 1433 1405 nos

102 1435 240 1467 quoque
266 1424 478 1463 admittimus,
503 1423 731 1465 impedimento
756 1423 812 1462 sit,
839 1423 1010 1465 quominus
1034 1424 1126 1455 civile
1151 1425 1324 1467 imperium
1345 1437 1435 1458 com—-

112 1479 204 1509 muni
227 1477 321 1508 simul
345 1478 463 1509 civium
492 1488 645 1509 consensu
669 1481 922 1518 superstructum
947 1482 1124 1507 censeatur.

157 1530 422 1572 Quandoquidem
443 1541 478 1561 ea
504 1536 550 1561 est
570 1530 693 1573 generis
713 1530 847 1560 humani
872 1528 1026 1568 conditio,
1053 1534 1090 1559 ut
1113 1534 1243 1560 externa
1268 1530 1411 1572 praesidia
1424 1555 1432 1570 ,

113 1583 152 1614 ad
182 1583 418 1626 provehendam
445 1583 674 1625 perfectionem
699 1582 851 1614 moralem
877 1587 910 1613 et
933 1582 1006 1629 vjtae
1031 1581 1217 1612 felicitatem
1241 1584 1431 1622 necessaria,

107 1647 176 1667 non
195 1637 256 1666 nisi
284 1635 460 1679 conjunctis
488 1636 624 1667 consiliis
645 1635 830 1678 viribusque
857 1635 1080 1675 obtineantur,
1112 1635 1191 1665 ratio
1220 1641 1325 1667 nostra
1350 1636 1433 1667 hanc

102 1688 256 1720 -omnibus
285 1689 459 1731 praescribit
487 1689 609 1732 legem,
640 1695 677 1720 ut
705 1690 815 1720 ineant
843 1689 1025 1728 civitatem,
1056 1688 1255 1730 imperioque
1287 1689 1372 1721 civili
1400 1701 1433 1722 se

101 1740 296 1784 subjiciant,
317 1741 383 1772 sine
403 1753 467 1784 quo
488 1743 596 1774 civitas
616 1741 705 1773 nulla
723 1742 872 1772 exsistere
892 1747 1004 1782 potest.
1026 1741 1132 1783 Atque
1154 1752 1256 1784 quum
1276 1743 1432 1774 rationem

113 1798 250 1824 nostram
283 1793 397 1825 divinae
428 1794 599 1832 voluntatis
627 1795 869 1839 internunciam.
895 1800 927 1824 et
956 1794 1164 1835 interpretem
1197 1805 1366 1836 agnoscere
1400 1801 1432 1826 et

115 1846 276 1885 venerari,
301 1845 435 1888 ideoque
450 1845 541 1888 ,leges
563 1858 579 1877 a
601 1848 722 1878 ratione
747 1846 923 1878 actionibus
944 1847 1113 1881 hominum
1132 1847 1327 1889 praescriptas
1347 1853 1431 1879 tam—

114 1909 210 1940 quam
227 1909 244 1928 a
254 1898 372 1929 'Divino
389 1898 529 1931 Numine
547 1900 614 1941 ipso
635 1899 818 1933 mortalibus
834 1900 1018 1930 constitutas
1033 1898 1229 1929 considerare
1244 1899 1429 1940 debeamus3

173 2007 216 2036 (1)
232 2007 258 2030 C.
273 2007 300 2029 F.
315 2007 371 2030 Chr.
382 2007 504 2037 ›WENCK,
520 2009 587 2033 Orat.
604 2009 634 2032 de
646 2010 706 2039 juris
722 2014 814 2033 uaturae
830 2009 856 2032 in
874 2008 954 2032 studio
969 2009 1029 2039 juris
1043 2008 1123 2032 civilis
1136 2017 1179 2033 usu
1194 2018 1258 2033 nunc
1269 2011 1320 2033 sine
1336 2011 1429 2034 ratione

113 2051 200 2078 spreto.
216 2047 296 2076 Lips.,
318 2047 381 2071 1821,
400 2047 425 2070 in
440 2048 547 2072 Excursu
566 2051 586 2071 1.
603 2057 629 2080 p.
645 2058 682 2080 27,
701 2050 737 2072 28.
