1747 2620
691 243 703 285 <
729 246 764 275 11
794 245 805 287 )

82 320 238 357 nequeat,
259 319 296 345 ut
316 314 459 346 extranei
481 314 520 347 de
541 315 627 348 hisce
648 316 773 362 juribus
790 324 999 355 controversis
1016 331 1072 356 aut
1089 325 1170 358 laesis
1188 327 1349 371 judicent,
1368 333 1419 365 vel

82 378 119 399 ea
145 370 176 399 vi
200 367 322 410 privat&
346 367 537 409 defendant,
562 371 693 402 omnino
714 371 796 403 illud
818 373 975 417 judicium
1002 384 1099 422 atque
1119 382 1303 423 praesidium
1328 385 1361 415 in
1387 398 1418 417 se

81 421 254 463 suscepisse
275 422 451 453 necessario
473 423 611 467 intelligi
631 424 741 465 debet,
765 437 802 457 eo
822 428 908 471 quod
930 430 1005 462 alias
1030 433 1119 465 irrita
1141 434 1248 467 forent
1272 436 1344 481 jura
1364 439 1417 471 illa

80 485 151 517 quae
177 475 242 517 ipsa
266 476 444 518 peregrinis
467 476 665 520 adquirenda
691 483 855 513 concessit.

124 570 196 601 XII.
229 571 428 605 Monendum
443 573 497 605 hic
517 581 580 615 est,
602 575 684 607 illud
701 577 837 610 civitatis
858 586 890 611 et
909 584 1053 615 extranei
1074 592 1221 628 pactum,
1247 601 1310 632 quo
1329 591 1418 625 hunc

77 622 131 654 illa
151 635 216 655 non
235 625 328 657 modo
350 628 591 660 commodorum
614 630 775 671 civilium,
797 633 863 665 sive
878 633 999 678 jurium
1015 638 1220 680 publicorum
1239 646 1346 677 stricte
1368 653 1418 679 ta—

75 676 175 718 lium,
195 690 309 711 verum
328 681 424 713 etiam
441 683 541 726 ipsius
561 685 717 715 societatis
733 696 797 716 suae
814 686 968 729 politicae,
990 691 1056 723 sive
1072 691 1193 736 jurium
1212 697 1417 739 politicorum

75 732 265 775 participem
286 734 380 775 facit,
401 747 465 779 quo
482 738 582 780 igitur
598 738 653 770 ille
671 740 835 782 propriam
855 745 1000 775 extranei
1016 746 1231 781 conditionem
1247 754 1356 794 exuit,
1379 761 1417 786 ut

75 786 237 818 civitatem
258 788 469 832 adipiscatur,
495 803 560 823 non
582 793 642 825 alifi
664 795 787 827 ratione
809 796 848 827 ad
868 797 916 837 id,
938 799 972 829 in
995 811 1059 842 quo
1080 813 1293 847 occupamur,
1315 819 1416 852 argu-

73 846 223 873 mentum
245 849 410 886 spectare,
440 846 502 877 nisi
526 853 685 890 quatenus
711 849 749 881 ad
775 849 946 884 discrimen
974 854 1059 887 cives
1081 857 1165 889 inter
1192 865 1223 890 et
1248 867 1415 894 extraneos

73 893 293 929 definiendum
315 900 467 941 pertinet.

118 991 207 1021 XIII.
241 993 290 1022 Ex
310 993 480 1035 praemissis
502 997 604 1027 omnis
625 1002 902 1032 commentationis
919 1010 1033 1036 nostrae
1052 1006 1164 1039 modus
1186 1016 1219 1040 et
1239 1012 1319 1043 ratio
1341 1013 1414 1046 des—

74 1042 198 1074 cendit:
225 1044 375 1077 videlicet
400 1046 439 1077 ad
460 1047 560 1089 ipsam
582 1048 722 1093 jurium,
746 1052 864 1094 quibus
885 1059 1029 1089 extranei
1050 1060 1084 1090 in
1103 1052 1216 1105 Belgio
1237 1064 1412 1109 fruuntur,

72 1097 303 1138 expositionem
319 1099 522 1141 accedentes,
544 1104 707 1145 peregrini
722 1103 793 1149 jura
813 1112 882 1139 turn
899 1109 938 1140 ab
953 1111 1020 1153 ipszi
1037 1115 1159 1146 ratione
1175 1117 1204 1148 ei
1220 1120 1410 1163 constituta,

72 1155 232 1192 quatenus
257 1161 294 1182 ea
321 1151 356 1182 in
381 1151 537 1186 relatione
566 1154 636 1199 ejus
663 1168 738 1190 cum
766 1159 878 1204 Belgio
905 1164 1105 1208 perdurant,
1139 1175 1209 1203 tum
1236 1184 1253 1204 a
1283 1175 1412 1207 civitate

70 1203 202 1246 scripta,
224 1210 289 1236 tam
311 1205 440 1249 publica
459 1219 556 1252 quam
577 1211 719 1254 privata,
742 1222 902 1257 quatenus
922 1230 996 1252 cum
1013 1221 1081 1265 ipso
1098 1223 1149 1256 vel
1167 1236 1242 1259 cum
1258 1227 1295 1260 e&
1314 1236 1411 1273 gente

69 1256 109 1289 ad
129 1268 226 1302 quam
249 1261 408 1304 pertinet,
435 1266 670 1300 communicata
694 1275 788 1311 sunt,
814 1282 976 1316 exponere
995 1276 1194 1312 conabimur.
