1747 2620
909 253 1022 296 (62)

300 329 400 363 fracta
423 328 522 368 costa,
545 334 577 361 et
594 329 616 359 si
635 328 742 372 plures
761 333 960 370 rumpuntur
983 326 1133 358 lethalem
1153 332 1183 357 et
1205 325 1290 357 haud
1310 325 1480 357 sanandam
1503 325 1629 358 inflam—

300 386 472 416 mationem
494 384 584 422 oriri,
603 395 641 414 ex
664 395 700 414 eo
719 382 803 426 qnod
827 387 930 424 partes
953 381 1058 411 fracta*
1075 381 1227 410 continuo
1251 380 1394 422 pleuram
1415 386 1577 423 pungant,
1599 387 1630 412 et

299 441 425 471 irritent
452 438 512 470 sub
534 438 751 480 respiratione.
783 435 926 466 Bolmius
949 434 995 475 (1)
1021 445 1037 464 e
1065 439 1172 464 eontra
1198 434 1320 476 profert
1342 446 1406 465 nou
1430 435 1526 465 unius
1550 433 1630 465 alre-

298 495 421 529 riusve,
446 492 499 523 sed
520 492 660 534 plin-inm
685 496 841 520 costarum
866 488 1021 517 fracturas
1045 487 1191 518 mortales
1212 499 1295 527 esse,
1321 488 1405 530 quod
1428 487 1555 518 nullum
1580 487 1629 518 vel

297 549 454 590 ipsaemct,
472 545 521 576 vel
539 543 746 586 strangulatio
768 542 841 572 hinc
857 542 1015 579 eminenS,
1035 541 1236 583 adaequatum
1253 541 1431 573 remedium
1449 541 1629 573 admittant.

298 601 359 632 Alii
378 606 484 631 autem
506 599 553 641 (2)
575 599 691 629 rectius
712 598 820 627 aiunt:
844 596 988 639 quamtis
1013 601 1095 625 costa
1119 607 1180 626 una
1204 602 1299 638 atque
1320 596 1379 626 alia
1398 596 1496 626 fracta
1518 596 1557 626 sit
1575 602 1631 627 aut

298 655 424 693 luxata,
448 664 507 684 nec
529 652 669 694 potuerit
694 652 821 693 reponi⁷
844 651 952 681 mortis
974 649 1089 681 exinde
1114 661 1240 681 causam
1263 662 1326 681 non
1349 650 1454 682 adesse
1482 651 1540 681 nisi
1561 651 1631 681 vio—

298 709 412 748 lentia,
435 719 506 750 quae
528 713 625 738 costas
646 706 755 748 fregit,
782 705 830 736 rel
854 706 918 748 ipsa
941 711 1097 736 costarum
1120 704 1316 747 Fragmenta,
1339 716 1454 747 organa
1477 704 1630 735 nobiliora

299 763 459 794 laesissent.
491 761 568 792 Tres
592 760 640 791 hae
665 760 830 790 sententiae
852 770 939 789 nunc
962 764 1037 789 sunt
1056 757 1293 800 perscrutandae
1316 764 1347 788 et
1368 759 1486 800 optima
1515 757 1629 789 harum

298 816 472 859 seligenda.

343 869 440 909 Quod
462 869 499 899 ad
516 867 716 910 Hippocratis
732 867 914 909 opinionem
931 871 1066 908 spectat,
1088 865 1140 896 illa
1164 865 1324 896 refutatur
1339 866 1517 896 innumeris
1540 871 1631 897 costae

298 936 361 956 non
383 924 496 961 unum,
519 921 573 953 sed
592 921 734 964 plurium
757 920 852 951 simul
869 920 1042 950 fractarum
1063 919 1281 950 curationibus
1295 919 1353 962 (3).
1376 919 1488 962 Neque
1506 930 1632 962 semper

298 990 382 1010 mors
402 977 608 1020 producitur,
627 976 650 1006 si
667 974 885 1017 fragmentum
905 975 992 1004 intus
1008 979 1143 1016 spectat,
1164 985 1237 1003 nam
1253 974 1398 1015 protinus
1414 985 1450 1004 ae
1467 985 1505 1004 ex
1522 985 1632 1016 symp—

298 1031 469 1064 tomatibus
498 1035 610 1060 notum
637 1027 792 1059 habemus
826 1033 922 1069 atque
955 1032 1159 1069 perspectum
1188 1027 1405 1069 fragmentum
1436 1028 1510 1057 ossis
1538 1027 1631 1058 fracti

299 1088 424 1117 interne
456 1089 601 1126 spectans
632 1081 776 1125 pleuram
801 1087 832 1111 et
858 1080 1026 1123 pulmones
1052 1080 1201 1111 vellicare
1222 1087 1253 1111 et
1279 1081 1323 1111 sic
1347 1080 1631 1112 inflammationem

298 1139 515 1180 lethalemque
531 1135 735 1179 pleuritidem
759 1145 904 1173 causare,
927 1133 965 1164 ad
987 1133 1084 1177 liujus
1105 1135 1333 1164 extractionem
1354 1136 1498 1176 protinus
1519 1146 1631 1166 recur—

299 1204 369 1225 rere
394 1191 564 1229 debemus,
590 1196 626 1220 ut
647 1190 690 1219 sic
712 1194 865 1230 aegrotum
887 1187 1011 1217 sanitati
1033 1187 1200 1217 restituere
1222 1197 1394 1229 possemuS.

343 1245 459 1276 Botmii
481 1244 637 1273 sententia
658 1252 730 1272 vera
753 1247 815 1279 est,
835 1241 859 1270 si
881 1240 1081 1281 complicatio
1096 1240 1241 1282 quaedam
1264 1242 1388 1283 gravior
1409 1240 1558 1272 sraeturae
1578 1253 1632 1272 ac-

299 1299 406 1338 cedatg
431 1299 479 1328 sin
499 1302 606 1327 autem
630 1294 717 1326 nulla
739 1293 923 1332 subveniat,
946 1293 1033 1323 illam
1059 1294 1219 1324 credimus
1244 1295 1340 1325 etiam
1365 1295 1460 1325 nimis
1481 1294 1632 1326 audacter

298 1352 491 1396 propositam
527 1349 644 1388 suisse3
679 1353 850 1390 nostraque
879 1347 986 1389 opinio
1019 1358 1172 1389 magnum
1205 1348 1304 1378 sumit
1334 1354 1562 1391 argumentum
1592 1359 1632 1379 ex

297 1405 445 1449 sequenti
464 1410 496 1435 et
515 1409 646 1434 narratu
667 1413 763 1445 quam
786 1400 968 1444 dignissima
991 1399 1209 1431 observatione
1227 1412 1243 1431 a
1264 1401 1439 1443 Duverney
1456 1401 1554 1431 relata
1568 1401 1631 1444 (4);

299 1473 317 1492 )›
334 1461 440 1492 Pictor
462 1458 591 1502 quidam
614 1469 713 1488 curru
733 1466 861 1488 eversus
882 1455 963 1494 fuit3
985 1460 1052 1485 rota
1069 1466 1163 1497 supra
1187 1460 1283 1485 totam
1304 1453 1372 1498 ejus
1391 1454 1543 1485 Thoracis
1558 1467 1633 1498 par—

300 1521 399 1546 »tem
427 1513 571 1544 dextram
599 1510 761 1549 cucurrit3
790 1509 935 1552 protinus
963 1518 1002 1538 ex
1030 1519 1083 1539 ore
1110 1514 1142 1538 et
1162 1507 1292 1539 naribus
1317 1509 1444 1551 sanguis
1473 1508 1630 1552 prorupit.

302 1568 491 1599 »Examine
524 1572 617 1598 caute
650 1571 682 1596 et
708 1570 819 1596 exacte
852 1563 997 1594 instituto
1024 1574 1040 1593 a
1068 1561 1218 1601 medicis,
1246 1562 1395 1605 apparuit
1423 1562 1632 1603 claviculam,

301 1634 319 1653 )›
338 1632 446 1652 omnes
468 1632 558 1652 veras
579 1625 677 1650 costas
702 1624 734 1649 et
759 1618 876 1660 primas
896 1617 1078 1659 spuriarum
1102 1616 1217 1647 fractas
1238 1616 1353 1647 fuisse:
1380 1617 1512 1648 sauciati
1534 1623 1633 1648 status

301 1687 319 1706 ))
335 1675 579 1718 applicationem
595 1672 717 1703 nullius
730 1672 900 1714 apparatus
914 1669 1129 1713 permittebat.
1151 1669 1309 1702 Pulvinus
1326 1670 1532 1702 duriusculus
1549 1671 1633 1702 infra

302 1727 480 1770 »scapulas
501 1726 564 1757 fuit
584 1726 720 1768 positus,
742 1730 797 1763 ut,
824 1723 952 1755 brachio
974 1736 990 1755 a
1013 1735 1144 1767 corpore
1163 1730 1301 1765 semoto,
1328 1725 1507 1767 fragmenta
1534 1724 1634 1757 clavi-

303 1795 321 1815 ))
338 1781 418 1814 culae
444 1780 536 1825 jungi
561 1784 706 1822 possent3
743 1777 890 1820 pedicilla
914 1778 1040 1821 liquore
1068 1778 1222 1821 digestivo
1257 1778 1383 1810 madida
1410 1779 1502 1809 costis
1525 1778 1633 1810 fractis

302 1835 536 1880 »superposita
556 1838 589 1864 et
610 1843 670 1875 ope
695 1831 867 1880 linteorum
892 1833 1016 1876 corpori
1039 1832 1347 1866 circumvolutorum
1376 1838 1500 1864 retenta
1528 1832 1631 1864 fuere.

298 1917 1624 1930 —-—————-————-———-——-——-———

361 1960 404 1990 (ι)
421 1959 456 1981 De
474 1956 657 1980 renunciatione
673 1955 819 1984 vulnerum,
840 1963 897 1986 pag.
917 1956 970 1986 249.

360 2000 405 2029 (α)
421 1997 588 2025 Hebenstreit‚
605 1996 671 2019 med.
690 1995 757 2024 fon,
775 2003 831 2026 pag.
849 1996 905 2026 496.
929 1995 1023 2027 Boyer,
1042 1995 1132 2025 orfita,
1152 1995 1297 2026 waeruey,
1314 1995 1390 2026 Petit,
1406 1995 1453 2020 lib.
1470 1994 1540 2020 laud.

360 2039 405 2068 (3)
422 2037 541 2062 Videatur
557 2037 702 2066 Duveruey,
721 2035 838 2058 maladies
855 2035 896 2059 des
913 2043 952 2066 οε,
972 2040 1033 2061 tom.
1051 2038 1074 2060 1.
1091 2043 1149 2068 pag.
1167 2044 1209 2067 27¹
1222 2049 1235 2054 -
1249 2036 1303 2067 289.

362 2080 407 2110 (4)
423 2078 543 2104 Maladies
558 2077 598 2101 des
615 2085 652 2107 οε,
672 2081 733 2100 tom.
752 2078 774 2099 1.
796 2084 854 2108 pag.
877 2084 932 2107 272.
