1747 2620
718 253 731 292 (
750 252 790 282 23
815 251 830 292 )

107 339 202 360 sensu
221 339 253 359 se
273 327 409 371 percipit
429 332 591 369 tamquam
614 324 820 356 substantiam
841 323 1013 366 quamdam
1033 335 1050 355 a
1075 334 1204 366 corpore
1227 324 1382 355 diversam
1403 330 1436 355 et

108 381 296 424 simplicem.
334 381 415 419 Quae
441 391 515 411 cum
542 380 585 410 ita
607 379 690 418 sint,
719 377 892 409 substantia
918 378 972 409 illa
1002 378 1136 421 simplex
1162 388 1268 420 neque
1298 377 1436 409 discessu

109 446 215 477 neque
253 435 442 466 diremtione
476 433 616 475 partium
649 432 683 462 in
713 432 851 462 minores
888 431 1059 473 particulas
1072 454 1080 470 ,
1121 436 1159 462 ut
1190 431 1223 461 in
1251 430 1435 472 corporibus

110 487 248 526 obtinet,
275 486 373 518 dividi
399 491 518 528 potest,
544 484 598 516 sed
622 495 747 526 semper
771 483 882 515 eadem
902 490 934 515 et
953 484 1086 516 indivisa
1109 483 1261 514 manebit.
1289 483 1385 521 Quod
1412 483 1438 513 si

107 541 161 572 hic
191 540 380 584 objiciatur,
410 538 526 570 exinde
557 538 642 580 quod
674 538 799 569 animus
833 538 873 568 sit
896 536 1142 576 indissolubilis,
1171 535 1316 567 nondum
1345 536 1438 578 sequi

107 604 183 625 eum
210 594 273 625 vita
295 594 390 624 etiam
417 603 543 634 semper
571 591 742 634 praeditum
770 601 837 621 esse
858 590 1006 621 futurum
1020 613 1028 629 ,
1053 590 1088 620 in
1108 595 1261 632 promptu
1283 594 1330 619 est
1352 587 1439 630 quod

109 646 349 689 respondeatur.
385 646 501 688 Negari
532 644 662 688 quidem
696 644 825 685 nequit,
856 643 1101 673 minutissimam
1130 652 1294 684 quamque
1324 652 1439 683 corpo-

106 711 181 731 rum
202 696 391 741 particulam
418 698 545 729 tandem
570 708 698 728 omnem
725 696 911 728 divisionem
939 705 1106 737 respuere,
1132 694 1269 736 ideoque
1289 694 1350 724 hoc
1371 704 1440 724 res-

106 758 205 795 pectu
228 752 334 783 animo
360 762 426 782 esse
445 751 596 790 similem,
622 760 736 782 verum
757 747 1079 780 animadvertendum
1103 752 1165 786 est,
1188 746 1227 777 ab
1245 746 1331 776 hisce
1352 745 1440 776 indi-

106 805 212 838 viduis
231 816 400 847 corporum
423 803 586 846 particulis
606 813 643 833 eo
667 813 796 845 quoque
817 802 962 833 animum
983 811 1048 832 esse
1068 800 1246 838 diversum,
1278 798 1363 841 quod
1387 798 1441 829 hic

107 857 190 889 solus
211 863 243 888 et
263 868 348 888 unus
371 857 514 888 omnium
536 867 644 887 rerum
668 855 726 886 sibi
747 855 891 886 conscius
912 860 968 884 est.
998 853 1110 883 Omnis
1129 858 1236 883 autem
1255 852 1388 883 facultas
1407 858 1440 882 et

106 912 153 943 vis
170 922 243 942 cum
260 910 456 953 simplicibus
475 915 507 940 et
521 908 654 950 singulis
669 908 797 950 proprie
812 906 955 949 partibus
966 907 1067 936 inesse
1083 905 1211 944 debeat,
1228 916 1334 948 neque
1350 916 1440 937 com-

106 964 262 1007 positione
285 969 341 994 aut
361 962 587 1005 conjunctione
606 961 740 999 oriatur,
766 959 821 990 illa
844 960 940 990 etiam
956 959 1072 989 mentis
1090 958 1224 989 facultas
1244 964 1277 988 et
1294 958 1353 996 vis,
1375 969 1438 1000 qua

107 1017 158 1048 sui
177 1017 277 1059 ipsius
298 1015 499 1056 aliarumque
518 1024 628 1044 rerum
649 1012 764 1043 haheat
784 1011 1025 1050 conscientiam,
1048 1011 1083 1041 in
1105 1011 1242 1053 simplici
1260 1011 1358 1041 animi
1379 1022 1439 1041 na-

107 1074 180 1100 tura
206 1068 294 1110 quasi
318 1067 475 1098 inhaerere
497 1067 592 1108 eique
615 1066 742 1107 propria
766 1075 802 1094 ac
829 1063 920 1106 priva
941 1074 1007 1094 esse
1032 1062 1141 1102 debet,
1167 1063 1206 1093 ad
1230 1074 1326 1104 quam
1345 1074 1440 1094 exer—

108 1120 239 1152 cendam
259 1119 318 1149 hac
333 1119 367 1149 in
383 1119 446 1150 vita
462 1128 592 1160 corpore
607 1118 757 1159 organico
767 1122 920 1159 tanquam
939 1117 1153 1147 instrumento
1166 1116 1281 1147 utitur.
1304 1117 1440 1147 Animus

106 1173 223 1215 igitur,
245 1182 337 1210 curn,
359 1176 397 1202 ut
417 1169 571 1209 vidimus,
592 1170 626 1200 in
645 1174 749 1212 partes
772 1168 899 1200 dissolvi
914 1174 947 1200 et
962 1169 1067 1211 perire
1087 1175 1245 1211 nequeat,
1262 1170 1326 1201 vita
1343 1169 1439 1201 etiam

105 1235 234 1267 semper
257 1224 317 1255 erit
341 1223 511 1266 praeditus,
540 1223 661 1265 quippe
688 1223 744 1265 qui
771 1222 899 1265 propri-a
928 1233 984 1253 sua
1014 1222 1188 1261 facultate,
1218 1233 1324 1265 neque
1354 1233 1390 1253 ea
1419 1216 1445 1253 a*

106 1277 331 1322 conjunctione
355 1288 430 1308 cum
456 1287 587 1319 corpore
613 1281 742 1318 accepta
773 1276 918 1306 omnium
943 1286 1050 1307 rerum
1079 1275 1176 1306 habet
1200 1276 1436 1306 conscientiam.

104 1331 211 1374 Atque
235 1331 303 1362 liaec
323 1329 386 1374 jam
408 1329 447 1361 de
468 1335 658 1372 argumento
678 1340 718 1360 ex
737 1328 873 1371 simplici
894 1328 994 1360 animi
1013 1334 1127 1359 natura
1147 1328 1246 1370 petito
1264 1328 1436 1368 sufficiant3

104 1395 179 1415 nam
202 1383 346 1426 quamvis
367 1383 434 1425 ipsa
454 1381 700 1425 argumentandi
720 1381 844 1412 ratione
863 1381 1046 1424 paullulum
1067 1381 1217 1412 differant
1240 1381 1436 1424 philosophi,

104 1448 154 1468 res
173 1442 282 1468 tamen
299 1435 410 1467 eodem
430 1434 514 1467 redit
527 1435 586 1477 (1).
613 1435 684 1467 Alio
698 1435 829 1477 insuper
847 1434 941 1466 modo
958 1435 1048 1466 Plato
1067 1446 1107 1466 ex
1125 1435 1224 1466 animi
1238 1440 1352 1465 natura
1369 1433 1439 1477 ejus

105 1489 374 1521 immortalitatem
408 1488 624 1520 demonstrare
655 1494 787 1520 conatus
816 1494 873 1519 est.
911 1488 1034 1530 Nempe
1064 1487 1211 1519 omnibus
1241 1487 1438 1529 gravioribus

107 1543 223 1575 veteris
241 1542 300 1574 aevi
325 1541 537 1584 philosophis,
561 1542 721 1572 Aristoteli
742 1542 853 1581 etiam,
875 1541 1045 1583 probatum
1068 1547 1152 1581 erat,
1178 1551 1272 1572 omne
1293 1540 1325 1571 id
1351 1540 1436 1582 quod

107 1600 270 1634 movetur,
286 1605 400 1637 corpus
420 1605 503 1634 esse3
519 1595 758 1638 incorporeum,
775 1593 863 1637 quod'
875 1605 908 1627 se
924 1595 1030 1638 ipsum
1044 1600 1166 1635 movet3
1183 1595 1308 1625 animus
1321 1593 1435 1636 igitur,

165 1705 209 1733 (1)
226 1704 302 1727 Multi
318 1705 364 1727 hoc
379 1709 548 1735 avgumeutum
567 1708 747 1732 tractaveru11t‚·
765 1704 848 1728 eadem
866 1703 961 1728 ratione
975 1713 1030 1728 usos
1049 1713 1100 1728 esse
1114 1704 1214 1727 Essenos
1232 1712 1275 1734 pro
1292 1703 1370 1726 animi
1392 1704 1435 1725 im-

106 1744 268 1773 mortalitate,
291 1750 390 1775 apparet
407 1753 436 1767 ex
452 1745 555 1776 josepho
576 1745 605 1768 de
622 1745 684 1768 belle
702 1745 817 1774 Judai'co,
834 1745 880 1768 lib.
899 1746 936 1771 11.
954 1752 1010 1775 cap.
1030 1753 1068 1767 12.
1089 1750 1118 1767 no
1138 1752 1179 1773 22,
1200 1745 1240 1766 23.
1267 1743 1376 1766 Ceterum
1397 1742 1432 1765 es.

106 1783 257 1814 Augustinus
270 1784 299 1807 de
317 1784 474 1807 immortalit.
492 1785 581 1813 animi,
600 1784 646 1807 lib.
662 1786 700 1814 115
719 1785 845 1813 Plotinus,
865 1785 940 1808 theol.
954 1785 1038 1814 Plau,
1054 1784 1100 1807 lib.
1120 1784 1155 1812 V;
1173 1783 1308 1813 Wyttenb.
1326 1782 1351 1805 in
1365 1782 1431 1812 disp.

105 1823 175 1846 laud.
194 1823 295 1853 passim,
315 1824 438 1848 Antonius
452 1825 597 1852 Geuuensis,
617 1824 716 1856 discipl.
734 1825 846 1855 metaph.
863 1825 936 1848 elem.
958 1824 1081 1853 Venetiis,
1097 1824 1165 1853 1764,
1187 1827 1247 1845 tom.
1263 1823 1312 1845 ΙΙΙ.
1330 1829 1386 1852 cap.
1408 1830 1431 1844 ι.

106 1869 178 1892 prop,
202 1862 244 1890 143
262 1863 293 1885 B.
315 1863 345 1885 L.
365 1864 471 1893 Tralles,
488 1864 517 1887 de
532 1864 609 1888 animi
623 1865 761 1888 exsistentis
777 1865 987 1888 immaterialitate
1002 1869 1027 1888 et
1045 1863 1239 1887 immortalitate.
1262 1862 1432 1889 vratislaw-iae,

108 1902 182 1930 ¹774³
212 1900 236 1923 J.
262 1901 292 1923 F.
321 1901 369 1925 W.
394 1902 539 1932 Jerusalem,
572 1904 692 1927 betracht.
725 1905 784 1927 iiber
815 1904 855 1927 die
881 1905 1054 1929 vomehmsteu
1080 1902 1233 1925 wahrheiten
1257 1902 1298 1925 der
1322 1902 1433 1932 religion.

106 1940 305 1971 Braunschweig,
328 1942 397 1971 1786;
424 1942 471 1965 Ch.
492 1943 521 1965 F.
544 1943 656 1967 Simenitz⁴
671 1944 787 1975 Elpizon,
815 1945 872 1967 oder
892 1944 951 1966 iiber
966 1943 1045 1965 meine
1065 1941 1190 1965 fortdauer
1209 1941 1242 1964 im
1263 1941 1334 1969 tode,
1363 1943 1372 1963 1
1393 1940 1432 1962 th.

106 1980 228 2010 Dautzig,
251 1980 324 2011 ¹795³
348 1980 436 2011 Georg.
456 1982 537 2011 Horu,
558 1983 598 2006 die
619 1984 736 2016 ewigkeit
759 1984 801 2007 der
818 1984 890 2012 seele,
911 1983 951 2006 ein
973 1982 1086 2006 versuch.
1110 1982 1190 2010 Giess,
1212 1982 1287 2010 18113
1309 1981 1434 2008 Contzeu,

72 2047 76 2049 -
105 2020 175 2051 prael.
192 2020 242 2051 log.
264 2024 288 2042 et
305 2024 364 2043 met.
386 2020 453 2043 1823.
472 2021 622 2051 Mechliniae,
641 2027 701 2046 tom.
720 2023 773 2046 111.
794 2027 861 2053 parte
877 2030 903 2045 2.
922 2022 981 2045 diss.
997 2022 1023 2044 4.
1038 2029 1094 2052 cap.
1115 2029 1139 2044 i.
1157 2022 1246 2044 collata
1263 2021 1322 2044 diss.
1336 2022 1357 2043 Ι.
1374 2027 1432 2049 cap2

107 2068 118 2083 ι
134 2064 157 2082 et
170 2060 195 2082 3.
216 2059 251 2083 cf.
270 2059 343 2083 etiam
362 2064 530 2091 argumentum
546 2061 652 2092 Spiuosae
670 2062 697 2086 in
709 2062 792 2086 Ethic.
804 2079 813 2090 ,
831 2062 879 2085 fib.
897 2061 931 2085 V.
953 2068 1026 2093 prop.
1046 2062 1088 2091 23,
1106 2061 1146 2092 59,
1162 2061 1203 2083 40.
