1747 2620
865 232 980 276 (46)

873 329 966 373 51.

330 434 586 457 DIJUDICANTUR
624 429 838 453 ARGUMENTA
876 428 917 448 EX
956 426 1029 447 lpsA
1068 426 1169 447 ANIMI
1207 424 1345 446 NATURA
1382 424 1507 446 SUMTA.

297 522 393 554 Nulla
415 521 558 564 profecto
581 520 703 551 ratione
726 516 824 548 animi
847 514 1083 554 immortalitas,
1111 515 1135 545 si
1161 513 1243 558 justa
1271 524 1308 544 ac
1333 513 1506 545 necessaria
1534 513 1592 544 de-

253 576 479 609 monstratione
503 573 629 618 probari
652 571 767 610 debet,
791 570 895 602 evinci
918 575 1038 612 potest,
1066 580 1163 611 quam
1188 569 1212 598 si
1235 579 1274 598 ex
1296 568 1362 610 ipsa
1386 566 1455 611 ejus
1478 572 1591 598 natura

254 631 408 673 objectiva
431 634 582 672 petantur
605 631 812 670 argumenta,
837 623 954 667 quibus
971 623 1004 654 id
1025 622 1197 661 efficiatur,
1219 633 1295 653 eum
1319 628 1432 653 natura
1454 633 1509 653 sua
1526 632 1592 653 esse

256 684 478 717 immortalem.
500 681 596 721 Quod
612 692 686 713 cum
706 679 925 721 intelligerent
941 677 1041 720 prisca
1058 682 1090 707 et
1108 676 1277 707 recentiori
1298 681 1392 707 aetate
1411 676 1590 718 philosophi

256 751 293 770 ex
316 739 414 770 animi
434 736 637 779 simplicitate
653 733 880 765 concluserunt
900 729 1177 773 incorruptibilem
1194 735 1291 772 atque
1306 728 1506 761 individuam
1523 728 1592 772 ejus

256 799 403 824 naturam
427 790 513 822 unde
536 788 630 820 facile
653 785 873 818 immortalitas
893 789 1095 828 argueretur.
1125 783 1196 814 Jam
1219 794 1294 815 vero
1317 783 1382 826 ipsa
1410 782 1463 814 illa
1485 783 1594 814 incor—

256 857 350 890 porea
373 845 470 876 animi
491 849 604 873 natura
627 839 929 872 demonstrationem
948 837 1157 880 apodicticam
1179 848 1293 879 capere
1313 838 1437 880 nequit.
1467 838 1593 869 Etenim

257 900 346 944 quod
372 898 411 930 ad
437 897 577 929 Platonis
601 899 829 936 argumentum
856 893 992 930 attinet,
1022 891 1230 922 manifestum
1254 896 1316 931 est,
1345 902 1422 923 euni
1449 891 1595 922 instituta

257 953 402 996 diligenti
419 951 517 982 animi
534 961 608 981 cum
622 958 754 991 corpore
766 946 1002 990 comparatione
1017 944 1109 976 illum
1122 944 1161 975 ad
1173 956 1275 987 genus
1286 956 1394 977 rerum
1408 945 1595 987 ἀσυνθέτων,

256 1008 317 1038 hoc
338 1006 377 1037 ad
401 1005 548 1039 σύνθετων
572 1002 705 1034 referre.
737 1000 796 1031 Hic
819 1006 928 1032 autem
951 999 1081 1042 petitio,
1107 1009 1179 1041 quae
1204 998 1337 1038 dicitur,
1363 999 1514 1041 principii
1539 999 1597 1030 de-

258 1060 487 1105 prehenditur,
504 1069 567 1101 qua
588 1057 642 1088 illa
662 1055 807 1087 omnium
826 1064 935 1086 rerum
951 1052 1080 1092 divisio,
1102 1053 1248 1095 quamvis
1261 1063 1277 1083 a
1294 1052 1421 1091 Stoicis,
1438 1052 1595 1095 Epicuro,

259 1121 291 1147 et
323 1112 554 1145 recentioribus
589 1109 801 1142 materialistis
832 1113 946 1150 negata
961 1131 969 1146 ,
1003 1112 1167 1149 tamquam
1203 1105 1417 1136 demonstrata
1454 1105 1596 1147 ponitur.

259 1170 409 1200 Attamen
429 1178 502 1198 cum
523 1164 769 1207 incompositum
786 1160 930 1193 sensibus
944 1171 1008 1190 non
1024 1159 1256 1202 percipiamus,
1272 1168 1380 1201 neque
1398 1158 1492 1191 rebus
1510 1171 1600 1190 com-

258 1222 368 1266 positis
383 1219 558 1251 necessario
579 1217 775 1249 contrarium
791 1213 952 1258 quoddam
968 1223 1070 1255 genus
1088 1213 1183 1243 statui
1199 1218 1360 1255 oporteat3
1380 1212 1441 1244 hoc
1457 1214 1600 1255 primum

260 1275 529 1308 demonstratione
552 1278 641 1316 eget,
669 1283 727 1302 cur
752 1269 858 1313 potius
878 1268 960 1306 sint,
986 1277 1085 1309 quam
1110 1277 1175 1296 non
1201 1267 1264 1296 sint
1285 1277 1335 1296 res
1360 1266 1520 1309 simplices
1542 1268 1598 1309 (1).

260 1331 418 1362 Praeterea
440 1325 712 1371 quemadmodum
734 1324 787 1355 hic
807 1322 899 1354 Plato
918 1332 957 1353 ex
979 1321 1165 1363 incorporea
1188 1320 1287 1351 animi
1309 1326 1424 1352 natura
1447 1319 1517 1364 ejus
1538 1321 1603 1352 im—

260 1382 485 1415 mortalitatem
508 1380 642 1424 probare
662 1378 786 1417 studet,
808 1377 851 1408 sic
873 1375 948 1407 alibi
970 1385 1009 1405 ex
1029 1373 1268 1405 immortalitate
1289 1374 1508 1416 incorpoream
1532 1373 1601 1418 ejus

261 1443 410 1468 naturam
436 1434 600 1466 concludit
626 1433 777 1476 quoniam
799 1428 959 1473 quidquid
979 1434 1026 1459 est
1047 1427 1145 1461 ἀΐδιον
1167 1438 1230 1458 uon
1252 1433 1356 1470 potest
1373 1438 1439 1458 esse
1459 1427 1601 1461 σύνθετον

263 1494 297 1524 ἒν,
320 1490 451 1523 πάλλων.
477 1489 524 1519 Ita
544 1487 665 1519 scilicet
686 1484 912 1517 demonstratio
931 1483 965 1513 in
988 1481 1098 1513 orbem
1120 1481 1257 1514 vertitur
1277 1481 1336 1523 (2).
1368 1481 1603 1512 Mendelsohnii

264 1545 360 1576 etiam
384 1542 610 1574 demonstratio
636 1540 712 1572 licet
739 1539 884 1570 omnium
912 1538 1090 1569 maximum
1115 1547 1190 1566 sane
1218 1535 1333 1567 habeat
1362 1536 1487 1579 pondus
1511 1542 1543 1567 et
1563 1536 1603 1568 ad

265 1597 523 1630 mathematicam
549 1595 618 1626 fere
638 1593 832 1626 evidentiam
854 1591 1000 1630 accedat3
1029 1590 1107 1621 certi
1128 1589 1207 1632 quid
1230 1595 1336 1620 tamen
1358 1589 1482 1621 efficere
1506 1596 1603 1633 atque

265 1651 442 1694 perfectam
477 1655 509 1680 et
539 1647 730 1691 completam
761 1646 801 1678 de
833 1646 1057 1677 materialismo
1086 1645 1252 1676 victoriam
1283 1650 1446 1686 reportare
1477 1645 1601 1686 nequit.

267 1704 423 1744 Quamvis
443 1703 530 1734 enim
555 1701 696 1733 materiae
716 1699 806 1731 nobis
827 1700 963 1742 cognitae
981 1705 1012 1730 et
1034 1699 1212 1741 conspicuae
1234 1697 1322 1729 nulla
1343 1698 1438 1729 detur
1456 1699 1604 1741 proprie—

267 1765 331 1798 tas,
353 1757 392 1789 de
413 1768 476 1800 qua
497 1755 612 1787 deduci
637 1760 735 1798 queat
757 1755 904 1797 cogitatio
923 1760 1102 1797 ceteraeque
1120 1755 1234 1785 mentis
1252 1752 1436 1792 facultates3
1458 1753 1604 1795 quamvis

267 1813 351 1857 juste
373 1811 543 1855 probatum
570 1820 636 1841 esse
660 1808 869 1847 concedatur,
898 1819 1005 1851 neque
1025 1809 1059 1839 in
1083 1807 1217 1851 singulis
1247 1806 1345 1851 hujus
1366 1807 1506 1838 materiae
1528 1818 1605 1849 par-

268 1866 370 1906 tibus,
388 1875 494 1908 neque
515 1863 577 1894 sola
599 1864 740 1906 partium
764 1863 991 1906 compositione
1014 1863 1237 1906 cogitationem
1260 1862 1335 1893 oriri
1357 1872 1464 1904 posse:
1486 1860 1605 1893 idcirco

270 1923 309 1954 (le
329 1920 415 1951 omni
436 1918 567 1950 materia
588 1916 670 1949 illud
691 1917 840 1948 contendi
861 1918 986 1960 nequit.
1013 1917 1091 1948 Tota
1113 1918 1212 1960 igitur
1233 1927 1282 1948 res
1302 1916 1335 1947 in
1355 1922 1460 1947 nostra
1480 1915 1604 1947 inscitia

332 2033 365 2062 (1)
382 2031 422 2055 Cf.
444 2031 532 2061 Wytt.
554 2030 579 2053 iu
596 2030 661 2060 disp.
681 2029 725 2053 cit.
747 2034 806 2053 sect.
828 2030 862 2053 V.

332 2074 365 2103 (2)
381 2072 422 2096 Cf.
443 2071 526 2101 Plato,
544 2071 572 2095 de
590 2070 686 2101 republ.
705 2070 752 2094 lib.
774 2070 809 2093 X.
