1747 2620
108 250 446 267 -ae-aee‘teaeeeeae
450 247 789 264 aeeaeweete‘J-e·
794 247 852 262 τό·
858 248 1381 266 etetaewsoectstwtw‘t
1387 252 1411 266 e·
1417 250 1442 264 e

523 495 997 539 PRAEFATIO.

300 976 561 1005 ILLUSTRISSIMI
600 973 870 1003 PROFESSORES!

144 1127 237 1158 Certe
268 1138 352 1168 opus
383 1126 582 1169 aggredior,
621 1126 678 1157 cui
706 1131 785 1167 apte
811 1126 1050 1168 pertractando
1079 1127 1259 1160 admodum
1290 1130 1435 1172 impares

93 1186 174 1212 sunt
197 1191 280 1212 meae
305 1181 412 1218 vires,
445 1180 544 1211 abest
565 1179 654 1211 enim
677 1171 717 1211 ut
741 1179 846 1221 Tyra,
878 1180 939 1223 qui
963 1181 1022 1212 vix
1042 1183 1128 1213 artis
1154 1183 1293 1214 medica>
1305 1183 1436 1227 fanum

93 1235 259 1278 tetigerit,
283 1235 395 1266 animo
412 1234 587 1276 complecti
597 1233 716 1275 possit
734 1244 846 1264 omnes
865 1244 924 1265 eas
939 1235 1244 1274 considerationes,
1264 1249 1305 1268 ea
1321 1240 1436 1271 omnia

91 1290 244 1321 scientiae
261 1289 520 1332 H'ippocratioae
538 1299 685 1325 arcana,
711 1298 788 1330 quoe
814 1299 927 1319 verum
946 1288 1124 1320 Medicum
1145 1292 1372 1331 constituunt,
1401 1300 1436 1324 et

91 1355 170 1387 quae
183 1344 374 1385 proesertim
397 1342 592 1374 necessaria
612 1346 694 1372 sunt
716 1341 790 1378 lli-5,
818 1342 880 1384 qui
905 1341 946 1373 de
966 1343 1145 1375 Medicina
1173 1346 1345 1386 scribunt5
1368 1348 1434 1379 hac

90 1398 295 1441 cogitatione
320 1397 518 1434 exterritus,
545 1397 673 1438 saepius
689 1394 769 1438 jam
791 1395 961 1437 inceptum
984 1398 1187 1445 opusculum
1211 1400 1310 1432 lzocce
1335 1401 1433 1433 dese—-

90 1452 144 1482 rui
173 1463 255 1482 meae
283 1451 524 1493 incapacitatis
548 1450 725 1481 conscius:
750 1449 885 1481 tandem
909 1457 993 1493 post
1014 1453 1130 1484 varias
1156 1459 1190 1485 et
1209 1455 1335 1486 multas
1360 1456 1433 1487 hae-

89 1505 267 1536 sitationes
293 1505 340 1536 ad
363 1505 461 1536 illam
485 1504 755 1536 dissertationem
772 1504 1016 1548 perficiendam
1040 1518 1092 1538 me
1117 1508 1253 1539 accinxi
1258 1521 1273 1547 ,-
1298 1520 1339 1540 ne
1359 1521 1432 1541 cre-

90 1558 200 1596 datis,
231 1558 432 1589 Veneranda·
454 1559 558 1596 Viri,
588 1571 658 1597 me,
688 1559 779 1590 illud
787 1558 973 1602 faciendo,
1001 1572 1098 1592 vanoe
1118 1562 1185 1593 mei
1198 1562 1344 1605 fiduciae
1368 1571 1430 1595 aut

88 1613 203 1643 nimioe
232 1613 438 1655 arrogantiae
473 1614 678 1653 indulsisse,·
715 1620 846 1645 tantum
878 1615 967 1647 enim
992 1616 1091 1647 abest
1121 1622 1160 1647 ut
1184 1617 1339 1655 credam,
1377 1630 1430 1650 me

89 1678 201 1700 omnes
220 1672 339 1709 partes
371 1667 407 1698 in
436 1669 671 1700 conscribendo
708 1670 823 1701 libello
854 1681 924 1701 meo
946 1671 1175 1712 persolvisse,
1212 1678 1252 1703 ut
1270 1684 1288 1704 e
1313 1679 1428 1704 contra

90 1720 227 1751 timidus
253 1721 311 1752 vix
333 1721 478 1752 audeam
499 1724 746 1764 responsionem
770 1729 879 1755 vestro
897 1723 1034 1767 judicio
1059 1724 1244 1768 subjicere,
1278 1732 1428 1758 attamen

91 1784 194 1815 quum
218 1781 418 1816 compertum
440 1776 604 1814 habeam,
636 1788 694 1808 vos
720 1789 832 1808 omnes
838 1800 851 1815 ,
882 1784 1049 1821 quotquot
1076 1780 1182 1817 estis,
1214 1791 1344 1822 semper
1364 1780 1427 1824 fa-

90 1827 180 1857 venti
196 1833 229 1857 et
246 1828 399 1860 benevolo
422 1831 533 1861 animo
558 1832 702 1873 recipere
726 1843 955 1875 quoscumque
975 1838 1158 1864 vestrorum
1184 1832 1426 1875 discipulorum

90 1885 248 1917 conatus,
281 1884 393 1913 vestrd
418 1883 647 1916 benevolentici
674 1886 838 1917 audacior
855 1885 979 1930 factus
1008 1898 1102 1923 sum,
1137 1893 1172 1918 et
1199 1888 1332 1927 animo,
1364 1891 1426 1932 qui

90 1939 191 1964 antea
212 1945 320 1976 vagus
335 1936 550 1977 fluctuabat,
582 1939 803 1983 indulgentia?
823 1952 882 1982 spe
906 1951 994 1971 nunc
1014 1939 1156 1983 suffulto
1165 1964 1178 1980 ,
1210 1954 1294 1985 opus
1316 1955 1424 1975 meum

89 1998 273 2029 aggressus
302 2000 388 2020 sum.

132 2051 222 2082 Hoec
247 2062 350 2094 quum
376 2053 424 2084 ita
451 2055 538 2092 sint,
566 2059 674 2097 operis
703 2058 871 2089 succincte
898 2057 1168 2091 distributionem
1199 2061 1293 2092 vobis
1319 2073 1422 2104 expo-
