1747 2620
688 263 699 305 (
725 265 764 297 77
791 264 802 306 )

80 341 201 380 tineus,
226 340 346 384 quippe
369 339 443 383 quia
465 350 578 370 cavum
600 337 760 381 pectorale
781 338 933 368 inferiora
951 348 1061 370 versus
1077 337 1194 368 limitat
1212 343 1244 368 et
1265 336 1303 368 ab
1322 337 1421 368 abdo-

80 395 192 426 minali
207 400 368 438 segregat,
388 393 539 424 Thoracis
556 403 674 436 organa
689 391 817 422 inferne
836 391 978 430 cohibet,
1002 391 1135 430 retinet,
1154 391 1312 430 continet,
1329 390 1368 422 de
1384 402 1421 422 eo

79 450 181 492 igitur
197 448 287 491 loqui
304 447 457 479 debemus
470 447 504 477 in
519 447 618 477 hacce
634 448 773 478 sectione
790 457 861 488 quae
878 445 917 477 de
933 445 1076 488 partibus
1092 444 1331 476 continentibus
1346 445 1421 487 agit.

126 502 265 534 Plurimi
290 507 434 533 auctores
465 501 611 543 quamvis
636 501 848 544 profiteantur
877 501 982 531 omnia
1015 499 1265 543 diaphragmatis
1290 498 1424 530 vulnera

85 557 267 600 gravissima
292 566 374 594 esse,
400 561 507 585 tamen
533 554 712 594 declarant,
742 554 894 598 majorem
917 554 1102 586 lethalitatis
1125 553 1259 597 gradum
1282 564 1300 584 e
1325 552 1426 595 plagis

83 610 228 654 ejusdem
255 609 353 652 partis
378 609 536 640 tendineae
562 621 658 652 quam
680 609 810 652 quidem
833 620 970 640 carnosae
993 608 1153 651 profluere
1174 607 1233 650 (1).
1261 608 1302 637 Et
1322 618 1426 649 quum

82 674 195 696 revera
213 662 449 694 consideramus
466 663 575 694 multis
593 664 672 695 vasis
688 663 880 706 sanguiferis
895 663 1073 705 perreptari
1086 662 1309 704 diaphragma,
1323 672 1427 703 quum

83 720 229 750 animum
258 718 455 750 advertimus
481 717 521 749 ad
548 718 735 749 innumeros
758 728 873 749 nervos
898 718 953 759 qui
979 717 1085 759 ipsum
1110 716 1247 755 adeunt,
1273 721 1427 757 utrosque

84 773 206 804 scilicet
220 772 391 815 phrenicos
406 771 586 815 plexusque
597 770 885 814 diaphragmaticos
901 771 918 801 a
932 770 1046 801 soleari
1062 769 1162 813 plexu
1174 769 1426 812 proficiscentes,

83 827 248 870 ipsiusque
265 826 379 869 plexus
394 825 522 856 solearis
540 825 707 864 viciniam,
728 825 792 856 imo
814 824 839 855 si
859 824 1067 856 recordemur
1088 835 1141 855 cor
1158 835 1233 855 cum
1250 821 1427 866 pericardio

84 892 142 913 suo
159 881 322 912 adhaerere
338 880 433 911 faciei
446 879 603 922 superiori
615 879 714 922 ipsius
729 878 883 921 portionis
898 878 1074 918 tendineae,
1090 876 1283 921 impossibile
1298 875 1429 907 omnino

84 941 217 979 apparet
237 935 321 966 hanc
339 945 428 978 posse
448 934 540 973 laedi,
562 934 689 965 intactis
707 933 757 963 his
778 934 903 975 organis
926 934 1025 975 ipsam
1048 931 1267 974 undequaque
1289 930 1430 961 circum-

85 988 298 1021 ducentibus:
321 988 457 1031 haecque
481 987 566 1019 laesio
584 987 740 1031 quantula
762 987 858 1018 etiam
879 988 919 1018 sit
939 987 1155 1018 funestissima
1176 995 1302 1027 semper
1323 983 1430 1014 letha-

85 1043 188 1086 lisque
208 1044 248 1074 sit
268 1049 403 1086 oportet.
427 1042 488 1073 Sed
504 1043 669 1074 enimvero
688 1041 748 1072 alia
771 1041 877 1073 adhuc
893 1047 940 1072 est
954 1041 1033 1072 ratio
1050 1052 1109 1071 cur
1127 1051 1192 1070 non
1207 1036 1431 1070 tantummodo

87 1096 264 1135 tendineae,
287 1096 341 1127 sed
364 1102 395 1127 et
417 1096 513 1126 etiam
536 1107 674 1127 carnosae
695 1096 793 1138 partis
813 1095 948 1126 vulnera
971 1095 1100 1126 lethalia
1119 1094 1189 1125 fere
1204 1104 1330 1135 semper
1351 1092 1430 1131 sint,

85 1150 277 1193 intropulsio
291 1149 412 1181 scilicet
427 1161 619 1192 organorum
634 1149 886 1180 abdominalium
903 1149 936 1179 in
948 1148 1138 1179 Thoracem.
1161 1147 1254 1178 Secto
1272 1146 1359 1177 enim
1380 1144 1433 1177 vel

87 1204 232 1248 disrupto
256 1203 513 1246 diaphragmate,
539 1215 604 1234 non
629 1203 767 1245 amplius
791 1203 899 1234 existit
924 1202 1153 1245 antagonistica
1178 1200 1232 1231 illa
1258 1199 1433 1242 diaphrag-

85 1259 179 1290 matis
198 1258 296 1297 actio,
317 1258 379 1300 qua
402 1256 461 1288 sub
477 1258 695 1288 contractione
715 1256 935 1288 musculorum
955 1254 1207 1286 abdominalium
1223 1254 1344 1285 viscera
1359 1264 1433 1284 sur—

86 1324 158 1344 sum
185 1312 275 1355 pulsa
300 1310 533 1342 cohibebantur
557 1317 654 1353 atque
680 1309 914 1342 retinebantur.
942 1308 1048 1353 Hujus
1071 1309 1204 1340 actionis
1224 1307 1356 1339 defectu
1380 1318 1432 1338 se-

87 1367 219 1410 quentia
238 1365 450 1409 phaenomena
473 1364 579 1396 locum
596 1364 734 1395 habent:
749 1364 809 1396 sub
826 1364 948 1395 alterno
964 1363 1214 1406 diaphragmatis
1227 1361 1433 1393 subsidentiae

86 1426 119 1452 et
140 1420 326 1452 elevationis
348 1425 454 1458 motu,
477 1425 511 1450 et
528 1418 705 1462 praesertim
726 1417 786 1449 sub
807 1417 1024 1449 contractione
1046 1416 1267 1448 musculorum
1287 1415 1434 1447 abdomi-

86 1474 211 1506 nalium
226 1474 362 1513 viscera,
382 1473 443 1504 hac
458 1473 594 1505 cavitate
608 1471 749 1512 inclusa,
766 1477 888 1503 tantam
904 1471 1073 1514 patiuntur
1089 1471 1283 1513 pressionem
1301 1475 1352 1508 ut,
1369 1468 1434 1511 qua

90 1527 162 1559 data
184 1526 274 1570 porta
294 1527 451 1569 (vulnere
470 1526 592 1558 scilicet
608 1525 880 1569 diaphragmatis)
900 1531 997 1558 ruant
1016 1531 1114 1568 atque
1129 1536 1195 1555 non
1209 1522 1433 1555 tantummodo

89 1580 290 1613 ventriculus
311 1586 407 1623 atque
431 1580 638 1620 duodenum,
665 1580 720 1612 sed
741 1586 774 1612 et
795 1580 889 1612 ilium
910 1586 943 1612 et
963 1579 1069 1612 colum
1092 1585 1125 1610 et
1145 1578 1236 1622 splen
1257 1583 1291 1609 et
1310 1577 1435 1620 hepatis

89 1634 194 1677 portio
215 1634 249 1665 in
268 1634 405 1677 pectoris
424 1645 539 1666 cavum
555 1634 796 1678 propellantur,
818 1634 998 1666 sauciatum
1014 1638 1132 1665 necent
1147 1639 1180 1664 et
1197 1631 1330 1663 infanda
1344 1631 1436 1662 dolo-

89 1687 179 1718 ribus
198 1693 300 1718 morte
318 1686 466 1718 afficiant.
490 1687 633 1730 Huiusce
650 1689 696 1719 rei
716 1694 755 1719 ut
772 1687 888 1732 justam
912 1688 991 1719 mihi
1011 1687 1116 1719 ideam
1134 1686 1324 1725 formarem,
1340 1685 1435 1716 cuni-

90 1740 201 1772 culum
223 1740 430 1772 mactandum
452 1742 590 1784 sumpsi,
613 1741 706 1785 cujus
727 1741 884 1774 abdomen
905 1743 993 1773 secui
1008 1753 1104 1785 supra
1123 1740 1282 1772 annulum
1303 1739 1436 1771 umbili-

92 1794 210 1834 calem,
234 1794 335 1837 hepar
356 1795 373 1825 a
390 1794 490 1826 latere
511 1795 624 1826 dextro
646 1794 755 1827 indice
773 1807 845 1827 meo
868 1795 1024 1839 depressi,
1047 1795 1138 1839 juxta
1162 1795 1299 1837 digitum
1325 1793 1435 1835 depri-

91 1854 233 1880 mentem
255 1848 358 1879 direxi
374 1860 484 1881 versus
504 1849 712 1893 diaphragma
732 1850 874 1882 cultrum
893 1850 1126 1888 anatomicam,
1142 1849 1176 1879 in
1191 1847 1290 1891 hujus
1305 1845 1434 1878 carnosa

91 1903 239 1945 portione
253 1902 374 1935 vulnus
390 1903 494 1934 inflixi
509 1915 575 1935 non
590 1904 720 1947 ingenS,
738 1916 803 1948 quo
818 1905 920 1945 facto,
940 1903 1118 1935 abdominis
1133 1908 1317 1945 aperturam
1333 1901 1434 1933 tribus

92 1961 213 1987 suturae
227 1957 356 1998 punctis
374 1956 474 1988 clausi
490 1963 522 1988 et
536 1963 574 1990 ut
592 1959 837 1990 continerentur
851 1960 1074 2001 integumenta
1092 1956 1300 2000 emplastrum
1318 1955 1433 1999 agglu-

94 2107 113 2132 Υ
130 2069 197 2131 do)
214 2067 336 2096 Bolmius,
353 2068 371 2091 1.
389 2068 424 2099 L,
439 2076 496 2100 pag.
518 2077 574 2100 272.
595 2069 713 2102 Metzger,
729 2077 786 2101 pars
803 2070 839 2093 11.
864 2077 920 2101 cap.
940 2069 988 2094 1V.
1011 2076 1069 2101 pag.
1092 2068 1146 2092 142.
1170 2068 1278 2097 Atheni,
1298 2075 1354 2098 pag.
1375 2066 1431 2089 336.

114 2115 127 2131 ο
146 2109 197 2137 ἐκέ,
215 2116 272 2141 pag.
290 2109 346 2133 338,
