1747 2620
904 292 995 335 (8)

294 371 520 413 plerorumque
550 367 808 412 philosophorum
840 366 1034 403 testimonia,
1061 365 1260 407 singulorum
1285 364 1452 395 hominum
1479 363 1616 406 denique

293 430 323 454 et
349 424 514 454 nationum
544 424 739 462 integrarum
768 420 951 455 consensio;
987 418 1102 448 deinde
1135 429 1209 450 vero
1234 417 1408 448 videndum
1435 418 1510 456 erit,
1540 417 1618 459 quid

293 478 471 508 communis
491 477 541 507 illa
563 475 721 518 persuasio
742 474 781 504 ad
805 471 1023 503 stabiliendam
1047 471 1225 502 animorum
1246 470 1516 502 immortalitatem
1540 481 1617 501 con-

292 531 383 561 serat.

907 604 997 647 gl.

612 702 842 725 AUCTORITAS
881 700 1145 727 ANTlQUlTATls
1181 701 1302 721 OMNIS-

339 780 434 821 Quod
454 781 553 823 igitur
574 779 612 811 ad
633 778 829 821 antiquitatis
851 777 1070 808 auctoritatem
1090 777 1244 818 pertinet,
1268 776 1337 820 ejus
1357 776 1417 808 hac
1438 778 1471 808 in
1492 788 1525 809 re
1546 789 1631 809 sen—-

295 836 392 867 tentia
411 846 475 865 non
496 833 590 865 dubia
612 839 668 863 est.
698 832 857 863 Nimirum
877 831 916 862 de
934 830 1146 861 remotissimis
1164 829 1359 872 temporibus
1379 836 1411 861 et
1427 830 1466 861 ab
1488 831 1621 862 humani

295 889 418 931 generis
440 887 507 918 fere
532 885 711 928 primordiis
731 896 801 916 eam
823 884 862 915 de
885 884 983 914 animi
1004 882 1240 913 immortalitate
1264 883 1454 914 sententiam
1480 883 1621 915 homini-

294 943 354 972 bus
378 941 500 971 insitam
526 939 639 977 fuisse,
671 937 824 968 traditum
851 942 907 966 est.
937 937 1008 965 Jam
1033 935 1209 966 Herodotus
1233 935 1271 966 de
1291 936 1516 978 antiquissimis
1541 949 1621 980 gen-

295 995 395 1033 tibus,
427 992 580 1035 AEgyptiis
604 997 636 1021 et
658 991 762 1029 Getis,
789 989 912 1019 disertis
936 987 1038 1018 verbis
1063 993 1213 1026 testatur,
1241 999 1293 1018 eos
1313 988 1481 1020 hominum
1502 991 1622 1021 animos

296 1048 439 1079 statuisse
469 1044 662 1077 immortales
686 1044 743 1085 (1).
795 1043 909 1074 Priscis
937 1041 998 1072 illis
1026 1040 1220 1082 incultisque
1252 1040 1350 1071 Italiae
1380 1041 1512 1080 incolis,
1545 1053 1625 1084 quos

297 1102 407 1132 Cascos
434 1098 606 1142 appellavit
634 1096 777 1135 Ennius,
815 1101 894 1126 teste
920 1095 1092 1133 Cicerone,
1126 1105 1230 1125 unum
1262 1093 1343 1125 illud
1373 1100 1441 1125 erat
1470 1095 1623 1135 insitum,

297 1164 362 1184 esse
384 1154 416 1183 in
439 1158 539 1182 morte
561 1161 706 1188 sensum3
728 1159 834 1191 neque
855 1159 986 1179 excessu
1004 1148 1077 1177 vitae
1102 1147 1146 1177 sic
1167 1146 1267 1177 deleri
1287 1146 1467 1187 homiuem,
1490 1154 1528 1179 ut
1545 1147 1625 1179 fun-

297 1207 382 1237 ditus
402 1205 547 1236 interiret
566 1203 624 1245 (2).
658 1203 706 1233 De
729 1201 948 1233 vetustissimis
974 1199 1085 1230 Galliae
1107 1197 1255 1242 gentibus
1276 1198 1449 1242 aliquando
1474 1200 1626 1232 immani—

296 1261 356 1292 bus
378 1260 471 1298 adeo,
492 1265 529 1289 ut
547 1257 711 1288 hominem
732 1255 884 1298 optimam
905 1260 937 1285 et
953 1254 1162 1296 gratissimam
1179 1253 1246 1283 Diis
1263 1253 1425 1284 victimam
1448 1253 1624 1294 caederent,

296 1313 357 1345 hoc
380 1312 540 1343 memoriae
565 1309 705 1352 prodidit
729 1308 926 1351 Pomponius
944 1299 1058 1345 Mela,
1091 1316 1142 1336 eos
1167 1306 1369 1347 praecepisse,
1399 1312 1533 1337 aeternas
1560 1317 1626 1338 esse

296 1367 416 1398 animas
432 1365 594 1406 vitamque
608 1362 740 1393 alteram
760 1360 799 1392 ad
821 1360 929 1391 Manes
948 1359 1006 1401 (3).
1034 1358 1116 1397 Quae
1135 1359 1292 1389 sententia
1314 1370 1411 1401 quam
1432 1360 1519 1390 omni
1542 1361 1627 1391 anti—

298 1420 411 1463 quitati
449 1417 550 1449 fuerit
579 1415 778 1453 communis,
816 1418 948 1456 apparet
978 1423 1017 1442 ex
1047 1413 1229 1443 testimonio
1259 1411 1410 1443 Macrobii
1439 1412 1625 1453 scribentis,

297 1472 470 1504 obtinuisse
500 1470 563 1514 jam
588 1480 654 1500 non
685 1469 791 1499 minus
818 1466 858 1498 de
889 1465 1161 1508 incorporalitate,
1193 1476 1290 1506 quam
1321 1464 1360 1495 de
1388 1465 1627 1497 immortalitate

298 1526 411 1557 animae
436 1523 626 1554 sententiam
650 1521 708 1562 (4).
742 1521 955 1552 Provocamus
980 1520 1076 1550 etiam
1103 1519 1156 1549 hic
1180 1518 1220 1549 ad
1243 1519 1438 1549 ceremonias
1462 1518 1626 1561 sepulcro-

298 1590 372 1611 rum
401 1583 433 1608 et
459 1575 584 1607 cultum
613 1586 630 1604 a
656 1584 779 1604 summa
811 1573 887 1603 inde
913 1572 1065 1603 memoria
1093 1571 1226 1602 mortuis
1249 1571 1448 1613 praestitum3
1485 1571 1563 1614 quid
1588 1572 1627 1604 de

300 1632 527 1663 defunctorum
547 1625 822 1669 implorationibus
845 1626 1003 1664 dicemus,
1029 1624 1146 1667 quibus
1169 1625 1353 1667 superstites
1373 1635 1485 1656 eorum
1508 1627 1628 1657 animos

300 1685 357 1716 sibi
382 1681 550 1714 benevolos
576 1680 708 1711 reddere
734 1679 907 1721 cupiebant
928 1679 1100 1722 propinqui
1121 1684 1154 1709 et
1176 1678 1294 1709 amici?
1316 1678 1410 1709 Hunc
1435 1678 1522 1709 enim
1542 1690 1627 1710 mor-

302 1745 432 1769 tuorum
467 1734 592 1766 cultum
619 1732 658 1763 ab
686 1733 911 1775 antiquissimis
941 1732 1016 1763 inde
1051 1731 1247 1774 temporibus
1275 1731 1447 1762 obtinuisse
1482 1743 1521 1763 ex
1552 1732 1627 1764 locis

302 1791 388 1823 haud
411 1789 520 1832 paucis
539 1787 653 1830 liquet.
680 1787 731 1817 Sic
755 1787 839 1817 inter
861 1786 919 1817 alia
941 1786 1065 1829 Scythae
1090 1784 1246 1828 majorum
1268 1784 1412 1827 sepulcra
1433 1785 1626 1819 sanctissima

303 1844 448 1875 habuisse
469 1841 642 1873 traduntur
659 1839 707 1883 (5)
730 1845 763 1871 et
787 1839 930 1883 Augillos
955 1844 1085 1870 narrant
1106 1837 1211 1869 nullos
1230 1837 1389 1880 putavisse
1412 1838 1494 1869 Deos
1513 1845 1629 1881 praeter

314 1911 1627 1925 .....-..—...—-.——-———-—-—--—————.

364 1957 409 1986 (1)
426 1955 516 1978 Herod.
532 1955 576 1977 lib.
594 1955 629 1977 11.
645 1961 670 1984 p.
690 1954 740 1976 162.
761 1953 807 1976 Ed.
822 1953 960 1983 wesseling
978 1956 1001 1975 et
1018 1952 1061 1975 lib.
1076 1952 1120 1976 lv.
1138 1960 1163 1983 p.
1181 1952 1233 1975 323.

366 1996 410 2025 (2)
426 1994 475 2017 Cic.
493 1995 564 2017 Tusc.
583 1998 667 2024 quaest.
684 1994 702 2017 1.
721 1995 741 2016 1.
757 2002 776 2018 c.
797 2001 832 2016 12.

366 2036 411 2065 (3)
427 2034 512 2064 Pomp.
532 2034 595 2057 Mela
614 2034 643 2056 de
661 2033 709 2056 situ
727 2033 792 2056 orbis
808 2033 825 2057 l.
844 2034 890 2056 111.
905 2041 925 2057 c.
942 2034 983 2061 11,
1005 2040 1031 2055 10
1045 2037 1068 2056 et
1084 2032 1121 2056 25.

368 2076 411 2105 (4)
428 2073 563 2097 Macrobius
581 2073 606 2096 in
622 2073 716 2096 somnio
733 2073 852 2105 Scipionis
871 2073 889 2096 l.
906 2074 926 2096 1.
943 2080 963 2097 c.
986 2072 1021 2096 14.

367 2115 409 2145 (5)
426 2113 518 2138 Herod.
533 2113 578 2136 lib.
593 2113 638 2137 lV.
654 2120 679 2143 p.
700 2121 750 2143 ¹27·
