<?xml version="1.0" encoding="UTF-8"?>
<!DOCTYPE html PUBLIC "-//W3C//DTD XHTML 1.0 Transitional//EN"
    "http://www.w3.org/TR/xhtml1/DTD/xhtml1-transitional.dtd">
<html xmlns="http://www.w3.org/1999/xhtml" xml:lang="en" lang="en">
 <head>
  <title>
</title>
<meta http-equiv="Content-Type" content="text/html;charset=utf-8" />
  <meta name='ocr-system' content='tesseract 3.04.00' />
  <meta name='ocr-capabilities' content='ocr_page ocr_carea ocr_par ocr_line ocrx_word'/>
</head>
<body>
  <div class='ocr_page' id='page_1' title='image "annalesacademiae00acad_0067.png"; bbox 0 0 1747 2620; ppageno 0'>
   <div class='ocr_carea' id='block_1_1' title="bbox 717 249 833 294">
    <p class='ocr_par' dir='ltr' id='par_1_1' title="bbox 717 249 833 294">
     <span class='ocr_line' id='line_1_1' title="bbox 717 249 833 294; baseline 0.009 -1"><span class='ocrx_word' id='word_1_1' title='bbox 717 249 833 294; x_wconf 84' lang='lat'>(35)</span> 
     </span>
    </p>
   </div>
   <div class='ocr_carea' id='block_1_2' title="bbox 92 324 1449 1019">
    <p class='ocr_par' dir='ltr' id='par_1_2' title="bbox 92 324 1449 1019">
     <span class='ocr_line' id='line_1_2' title="bbox 103 324 1444 369; baseline 0.001 -10"><span class='ocrx_word' id='word_1_2' title='bbox 103 327 154 359; x_wconf 78' lang='lat' dir='ltr'>11ae</span> <span class='ocrx_word' id='word_1_3' title='bbox 172 326 454 359; x_wconf 82' lang='lat' dir='ltr'>commentationes</span> <span class='ocrx_word' id='word_1_4' title='bbox 474 336 557 369; x_wconf 86' lang='lat' dir='ltr'>aegre</span> <span class='ocrx_word' id='word_1_5' title='bbox 578 324 617 356; x_wconf 90' lang='lat' dir='ltr'>ab</span> <span class='ocrx_word' id='word_1_6' title='bbox 634 324 775 356; x_wconf 85' lang='lat' dir='ltr'>invicem</span> <span class='ocrx_word' id='word_1_7' title='bbox 795 324 1084 367; x_wconf 81' lang='lat' dir='ltr'><strong>distinguerentur.</strong></span> <span class='ocrx_word' id='word_1_8' title='bbox 1105 324 1260 357; x_wconf 89' lang='lat' dir='ltr'>Ulteriori</span> <span class='ocrx_word' id='word_1_9' title='bbox 1284 333 1390 360; x_wconf 88' lang='lat' dir='ltr'>tamen</span> <span class='ocrx_word' id='word_1_10' title='bbox 1412 336 1444 361; x_wconf 93' lang='lat' dir='ltr'>et</span> 
     </span>
     <span class='ocr_line' id='line_1_3' title="bbox 103 377 1444 421; baseline 0 -7"><span class='ocrx_word' id='word_1_11' title='bbox 103 381 291 414; x_wconf 83' lang='lat' dir='ltr'>accuratiori</span> <span class='ocrx_word' id='word_1_12' title='bbox 311 380 395 411; x_wconf 87' lang='lat' dir='ltr'>facto</span> <span class='ocrx_word' id='word_1_13' title='bbox 414 379 562 411; x_wconf 72' lang='lat' dir='ltr'>examine</span> <span class='ocrx_word' id='word_1_14' title='bbox 581 378 687 421; x_wconf 87' lang='lat' dir='ltr'>patuit</span> <span class='ocrx_word' id='word_1_15' title='bbox 702 377 876 416; x_wconf 84' lang='lat' dir='ltr'>nonnulla,</span> <span class='ocrx_word' id='word_1_16' title='bbox 899 389 1001 421; x_wconf 88' lang='lat' dir='ltr'>eaque</span> <span class='ocrx_word' id='word_1_17' title='bbox 1018 378 1223 420; x_wconf 83' lang='lat' dir='ltr'>notabiliora,</span> <span class='ocrx_word' id='word_1_18' title='bbox 1245 391 1311 412; x_wconf 84' lang='lat' dir='ltr'>esse</span> <span class='ocrx_word' id='word_1_19' title='bbox 1332 384 1444 414; x_wconf 87' lang='lat' dir='ltr'>omissa</span> 
     </span>
     <span class='ocr_line' id='line_1_4' title="bbox 104 432 1449 479; baseline 0.001 -12"><span class='ocrx_word' id='word_1_20' title='bbox 104 437 138 467; x_wconf 92' lang='lat' dir='ltr'>in</span> <span class='ocrx_word' id='word_1_21' title='bbox 158 435 427 467; x_wconf 80' lang='lat' dir='ltr'>commentatione</span> <span class='ocrx_word' id='word_1_22' title='bbox 448 439 561 477; x_wconf 82' lang='lat' dir='ltr'>quarta</span> <span class='ocrx_word' id='word_1_23' title='bbox 581 433 635 464; x_wconf 91' lang='lat' dir='ltr'>cui</span> <span class='ocrx_word' id='word_1_24' title='bbox 651 433 845 476; x_wconf 88' lang='lat' dir='ltr'>inscriptum</span> <span class='ocrx_word' id='word_1_25' title='bbox 864 438 913 463; x_wconf 88' lang='lat' dir='ltr'>est</span> <span class='ocrx_word' id='word_1_26' title='bbox 931 432 1068 464; x_wconf 87' lang='lat' dir='ltr'>lemma:</span> <span class='ocrx_word' id='word_1_27' title='bbox 1094 435 1163 464; x_wconf 80' lang='lat' dir='ltr'>nisi</span> <span class='ocrx_word' id='word_1_28' title='bbox 1185 435 1268 466; x_wconf 81' lang='lat' dir='ltr'>utile</span> <span class='ocrx_word' id='word_1_29' title='bbox 1287 442 1340 467; x_wconf 79' lang='lat' dir='ltr'>est</span> <span class='ocrx_word' id='word_1_30' title='bbox 1357 439 1449 479; x_wconf 77' lang='lat' dir='ltr'>quod</span> 
     </span>
     <span class='ocr_line' id='line_1_5' title="bbox 92 487 1448 533; baseline 0.002 -13"><span class='ocrx_word' id='word_1_31' title='bbox 92 489 248 533; x_wconf 81' lang='lat' dir='ltr'>facimus</span> <span class='ocrx_word' id='word_1_32' title='bbox 269 490 377 520; x_wconf 79' lang='lat' dir='ltr'>stulta</span> <span class='ocrx_word' id='word_1_33' title='bbox 396 494 448 520; x_wconf 80' lang='lat' dir='ltr'>est</span> <span class='ocrx_word' id='word_1_34' title='bbox 468 488 599 531; x_wconf 78' lang='lat' dir='ltr'>gloria,</span> <span class='ocrx_word' id='word_1_35' title='bbox 627 493 666 519; x_wconf 86' lang='lat' dir='ltr'>ut</span> <span class='ocrx_word' id='word_1_36' title='bbox 686 493 797 519; x_wconf 83' lang='lat' dir='ltr'>auctor</span> <span class='ocrx_word' id='word_1_37' title='bbox 818 488 926 518; x_wconf 88' lang='lat' dir='ltr'>minus</span> <span class='ocrx_word' id='word_1_38' title='bbox 947 487 1064 531; x_wconf 83' lang='lat' dir='ltr'>dignus</span> <span class='ocrx_word' id='word_1_39' title='bbox 1086 495 1269 529; x_wconf 80' lang='lat' dir='ltr'>censeatur,</span> <span class='ocrx_word' id='word_1_40' title='bbox 1293 490 1350 533; x_wconf 92' lang='lat' dir='ltr'>qui</span> <span class='ocrx_word' id='word_1_41' title='bbox 1371 502 1448 523; x_wconf 87' lang='lat' dir='ltr'>cum</span> 
     </span>
     <span class='ocr_line' id='line_1_6' title="bbox 103 541 1447 589; baseline 0.001 -14"><span class='ocrx_word' id='word_1_42' title='bbox 103 543 165 575; x_wconf 84' lang='lat' dir='ltr'>illis</span> <span class='ocrx_word' id='word_1_43' title='bbox 191 544 303 586; x_wconf 87' lang='lat' dir='ltr'>primae</span> <span class='ocrx_word' id='word_1_44' title='bbox 326 549 358 574; x_wconf 89' lang='lat' dir='ltr'>et</span> <span class='ocrx_word' id='word_1_45' title='bbox 381 543 483 574; x_wconf 78' lang='lat' dir='ltr'>tertiae</span> <span class='ocrx_word' id='word_1_46' title='bbox 506 547 687 573; x_wconf 82' lang='lat' dir='ltr'>concurrat.</span> <span class='ocrx_word' id='word_1_47' title='bbox 719 541 776 573; x_wconf 85' lang='lat' dir='ltr'>Hae</span> <span class='ocrx_word' id='word_1_48' title='bbox 798 541 870 573; x_wconf 88' lang='lat' dir='ltr'>duae</span> <span class='ocrx_word' id='word_1_49' title='bbox 889 553 982 583; x_wconf 76' lang='lat' dir='ltr'>vero,</span> <span class='ocrx_word' id='word_1_50' title='bbox 1007 543 1077 574; x_wconf 88' lang='lat' dir='ltr'>fere</span> <span class='ocrx_word' id='word_1_51' title='bbox 1100 544 1170 586; x_wconf 87' lang='lat' dir='ltr'>pari</span> <span class='ocrx_word' id='word_1_52' title='bbox 1186 543 1318 578; x_wconf 15' lang='lat' dir='ltr'>*honore</span> <span class='ocrx_word' id='word_1_53' title='bbox 1341 544 1447 589; x_wconf 72' lang='lat' dir='ltr'>dignae</span> 
     </span>
     <span class='ocr_line' id='line_1_7' title="bbox 101 596 1446 642; baseline 0.001 -13"><span class='ocrx_word' id='word_1_54' title='bbox 101 598 238 630; x_wconf 89' lang='lat' dir='ltr'>fuerunt</span> <span class='ocrx_word' id='word_1_55' title='bbox 256 597 424 642; x_wconf 76' lang='lat' dir='ltr'>judicatae,</span> <span class='ocrx_word' id='word_1_56' title='bbox 448 608 524 628; x_wconf 87' lang='lat' dir='ltr'>nam</span> <span class='ocrx_word' id='word_1_57' title='bbox 546 602 582 628; x_wconf 89' lang='lat' dir='ltr'>ut</span> <span class='ocrx_word' id='word_1_58' title='bbox 604 597 707 640; x_wconf 89' lang='lat' dir='ltr'>prima</span> <span class='ocrx_word' id='word_1_59' title='bbox 727 597 854 627; x_wconf 82' lang='lat' dir='ltr'>tertiam</span> <span class='ocrx_word' id='word_1_60' title='bbox 870 596 1063 639; x_wconf 86' lang='lat' dir='ltr'>quibusdam</span> <span class='ocrx_word' id='word_1_61' title='bbox 1081 597 1115 628; x_wconf 92' lang='lat' dir='ltr'>in</span> <span class='ocrx_word' id='word_1_62' title='bbox 1134 597 1279 640; x_wconf 88' lang='lat' dir='ltr'>partibus</span> <span class='ocrx_word' id='word_1_63' title='bbox 1299 605 1446 642; x_wconf 85' lang='lat' dir='ltr'>superat,</span> 
     </span>
     <span class='ocr_line' id='line_1_8' title="bbox 102 649 1447 695; baseline 0.001 -12"><span class='ocrx_word' id='word_1_64' title='bbox 102 652 146 682; x_wconf 89' lang='lat' dir='ltr'>sic</span> <span class='ocrx_word' id='word_1_65' title='bbox 167 651 235 683; x_wconf 86' lang='lat' dir='ltr'>aliis</span> <span class='ocrx_word' id='word_1_66' title='bbox 256 652 291 683; x_wconf 86' lang='lat' dir='ltr'>in</span> <span class='ocrx_word' id='word_1_67' title='bbox 311 651 387 683; x_wconf 92' lang='lat' dir='ltr'>locis</span> <span class='ocrx_word' id='word_1_68' title='bbox 408 652 511 694; x_wconf 87' lang='lat' dir='ltr'>prima</span> <span class='ocrx_word' id='word_1_69' title='bbox 535 651 637 682; x_wconf 81' lang='lat' dir='ltr'>tertiae</span> <span class='ocrx_word' id='word_1_70' title='bbox 657 650 771 682; x_wconf 86' lang='lat' dir='ltr'>cedere</span> <span class='ocrx_word' id='word_1_71' title='bbox 792 649 905 681; x_wconf 78' lang='lat' dir='ltr'>debet:</span> <span class='ocrx_word' id='word_1_72' title='bbox 927 662 1030 694; x_wconf 86' lang='lat' dir='ltr'>quum</span> <span class='ocrx_word' id='word_1_73' title='bbox 1054 656 1162 682; x_wconf 88' lang='lat' dir='ltr'>tamen</span> <span class='ocrx_word' id='word_1_74' title='bbox 1185 652 1305 694; x_wconf 89' lang='lat' dir='ltr'>prima,</span> <span class='ocrx_word' id='word_1_75' title='bbox 1331 659 1447 695; x_wconf 87' lang='lat' dir='ltr'>praeter</span> 
     </span>
     <span class='ocr_line' id='line_1_9' title="bbox 100 704 1448 749; baseline 0 -11"><span class='ocrx_word' id='word_1_76' title='bbox 100 706 292 739; x_wconf 85' lang='lat' dir='ltr'>methodum</span> <span class='ocrx_word' id='word_1_77' title='bbox 320 707 420 749; x_wconf 84' lang='lat' dir='ltr'>magis</span> <span class='ocrx_word' id='word_1_78' title='bbox 449 712 631 738; x_wconf 84' lang='lat' dir='ltr'>accuratam</span> <span class='ocrx_word' id='word_1_79' title='bbox 646 729 655 745; x_wconf 87' lang='lat'>,</span> <span class='ocrx_word' id='word_1_80' title='bbox 683 704 842 749; x_wconf 82' lang='lat' dir='ltr'>judicium</span> <span class='ocrx_word' id='word_1_81' title='bbox 863 716 961 736; x_wconf 86' lang='lat' dir='ltr'>suum</span> <span class='ocrx_word' id='word_1_82' title='bbox 986 710 1018 736; x_wconf 84' lang='lat' dir='ltr'>et</span> <span class='ocrx_word' id='word_1_83' title='bbox 1037 704 1121 736; x_wconf 82' lang='lat' dir='ltr'>facta</span> <span class='ocrx_word' id='word_1_84' title='bbox 1146 704 1186 736; x_wconf 89' lang='lat' dir='ltr'>ab</span> <span class='ocrx_word' id='word_1_85' title='bbox 1208 706 1392 737; x_wconf 89' lang='lat' dir='ltr'>auctoribus</span> <span class='ocrx_word' id='word_1_86' title='bbox 1412 707 1448 738; x_wconf 90' lang='lat' dir='ltr'>in</span> 
     </span>
     <span class='ocr_line' id='line_1_10' title="bbox 100 759 1447 803; baseline 0 -11"><span class='ocrx_word' id='word_1_87' title='bbox 100 772 157 793; x_wconf 90' lang='lat' dir='ltr'>sua</span> <span class='ocrx_word' id='word_1_88' title='bbox 180 761 450 792; x_wconf 84' lang='lat' dir='ltr'>commentatione</span> <span class='ocrx_word' id='word_1_89' title='bbox 472 760 608 803; x_wconf 85' lang='lat' dir='ltr'>allegata</span> <span class='ocrx_word' id='word_1_90' title='bbox 631 759 769 802; x_wconf 85' lang='lat' dir='ltr'>propriis</span> <span class='ocrx_word' id='word_1_91' title='bbox 794 759 1042 801; x_wconf 74' lang='lat' dir='ltr'>experimentiS,</span> <span class='ocrx_word' id='word_1_92' title='bbox 1065 759 1170 801; x_wconf 82' lang='lat' dir='ltr'>iisque</span> <span class='ocrx_word' id='word_1_93' title='bbox 1194 759 1447 803; x_wconf 84' lang='lat' dir='ltr'>multiplicibus,</span> 
     </span>
     <span class='ocr_line' id='line_1_11' title="bbox 100 812 1449 855; baseline 0 -10"><span class='ocrx_word' id='word_1_94' title='bbox 100 815 134 846; x_wconf 86' lang='lat' dir='ltr'>in</span> <span class='ocrx_word' id='word_1_95' title='bbox 157 815 317 847; x_wconf 86' lang='lat' dir='ltr'>vivisectis</span> <span class='ocrx_word' id='word_1_96' title='bbox 338 814 555 846; x_wconf 89' lang='lat' dir='ltr'>animantibus</span> <span class='ocrx_word' id='word_1_97' title='bbox 576 814 732 845; x_wconf 87' lang='lat' dir='ltr'>institutis</span> <span class='ocrx_word' id='word_1_98' title='bbox 752 812 958 852; x_wconf 78' lang='lat' dir='ltr'>stabiliverit,</span> <span class='ocrx_word' id='word_1_99' title='bbox 986 812 1063 843; x_wconf 89' lang='lat' dir='ltr'>huic</span> <span class='ocrx_word' id='word_1_100' title='bbox 1083 813 1253 855; x_wconf 81' lang='lat' dir='ltr'>praemium</span> <span class='ocrx_word' id='word_1_101' title='bbox 1279 824 1345 845; x_wconf 86' lang='lat' dir='ltr'>esse</span> <span class='ocrx_word' id='word_1_102' title='bbox 1368 825 1449 845; x_wconf 88' lang='lat' dir='ltr'>con-</span> 
     </span>
     <span class='ocr_line' id='line_1_12' title="bbox 101 867 1446 909; baseline -0.001 -9"><span class='ocrx_word' id='word_1_103' title='bbox 101 868 282 900; x_wconf 86' lang='lat' dir='ltr'>cedendum</span> <span class='ocrx_word' id='word_1_104' title='bbox 302 869 414 900; x_wconf 87' lang='lat' dir='ltr'>statuit</span> <span class='ocrx_word' id='word_1_105' title='bbox 432 868 585 907; x_wconf 81' lang='lat' dir='ltr'>facultas,</span> <span class='ocrx_word' id='word_1_106' title='bbox 607 868 651 898; x_wconf 85' lang='lat' dir='ltr'>ita</span> <span class='ocrx_word' id='word_1_107' title='bbox 671 873 780 898; x_wconf 89' lang='lat' dir='ltr'>tamen</span> <span class='ocrx_word' id='word_1_108' title='bbox 796 873 834 898; x_wconf 90' lang='lat' dir='ltr'>ut</span> <span class='ocrx_word' id='word_1_109' title='bbox 849 867 1012 898; x_wconf 79' lang='lat' dir='ltr'>censuerit</span> <span class='ocrx_word' id='word_1_110' title='bbox 1030 867 1133 898; x_wconf 83' lang='lat' dir='ltr'>tertiae</span> <span class='ocrx_word' id='word_1_111' title='bbox 1152 868 1446 909; x_wconf 78' lang='lat' dir='ltr'>commentationis,</span> 
     </span>
     <span class='ocr_line' id='line_1_13' title="bbox 101 920 1446 966; baseline -0.001 -12"><span class='ocrx_word' id='word_1_112' title='bbox 101 935 204 966; x_wconf 87' lang='lat' dir='ltr'>quum</span> <span class='ocrx_word' id='word_1_113' title='bbox 225 924 372 966; x_wconf 80' lang='lat' dir='ltr'>proxime</span> <span class='ocrx_word' id='word_1_114' title='bbox 393 923 440 954; x_wconf 88' lang='lat' dir='ltr'>illi</span> <span class='ocrx_word' id='word_1_115' title='bbox 463 923 596 965; x_wconf 86' lang='lat' dir='ltr'>praemio</span> <span class='ocrx_word' id='word_1_116' title='bbox 619 921 743 952; x_wconf 86' lang='lat' dir='ltr'>donatae</span> <span class='ocrx_word' id='word_1_117' title='bbox 768 921 957 960; x_wconf 85' lang='lat' dir='ltr'>accederet,</span> <span class='ocrx_word' id='word_1_118' title='bbox 983 920 1072 951; x_wconf 85' lang='lat' dir='ltr'>dotes</span> <span class='ocrx_word' id='word_1_119' title='bbox 1097 920 1228 963; x_wconf 86' lang='lat' dir='ltr'>publice</span> <span class='ocrx_word' id='word_1_120' title='bbox 1253 921 1446 962; x_wconf 82' lang='lat' dir='ltr'>laudandas,</span> 
     </span>
     <span class='ocr_line' id='line_1_14' title="bbox 102 973 1445 1019; baseline 0 -12"><span class='ocrx_word' id='word_1_121' title='bbox 102 982 135 1007; x_wconf 85' lang='lat' dir='ltr'>et</span> <span class='ocrx_word' id='word_1_122' title='bbox 154 976 296 1007; x_wconf 89' lang='lat' dir='ltr'>solemne</span> <span class='ocrx_word' id='word_1_123' title='bbox 316 976 537 1006; x_wconf 89' lang='lat' dir='ltr'>testimonium</span> <span class='ocrx_word' id='word_1_124' title='bbox 559 974 629 1019; x_wconf 87' lang='lat' dir='ltr'>ejus</span> <span class='ocrx_word' id='word_1_125' title='bbox 647 975 812 1017; x_wconf 88' lang='lat' dir='ltr'>scriptori,</span> <span class='ocrx_word' id='word_1_126' title='bbox 834 975 860 1005; x_wconf 90' lang='lat' dir='ltr'>si</span> <span class='ocrx_word' id='word_1_127' title='bbox 883 984 1002 1005; x_wconf 90' lang='lat' dir='ltr'>nomen</span> <span class='ocrx_word' id='word_1_128' title='bbox 1022 984 1119 1005; x_wconf 88' lang='lat' dir='ltr'>suum</span> <span class='ocrx_word' id='word_1_129' title='bbox 1143 973 1279 1017; x_wconf 86' lang='lat' dir='ltr'>prodere</span> <span class='ocrx_word' id='word_1_130' title='bbox 1301 976 1445 1018; x_wconf 85' lang='lat' dir='ltr'>cuperit,</span> 
     </span>
    </p>
   </div>
   <div class='ocr_carea' id='block_1_3' title="bbox 103 1029 1447 1125">
    <p class='ocr_par' dir='ltr' id='par_1_3' title="bbox 103 1029 1447 1125">
     <span class='ocr_line' id='line_1_15' title="bbox 103 1029 450 1060; baseline 0 0"><span class='ocrx_word' id='word_1_131' title='bbox 103 1040 169 1060; x_wconf 91' lang='lat' dir='ltr'>esse</span> <span class='ocrx_word' id='word_1_132' title='bbox 194 1029 450 1060; x_wconf 88' lang='lat' dir='ltr'>concedendum.</span> 
     </span>
     <span class='ocr_line' id='line_1_16' title="bbox 146 1080 1447 1125; baseline 0.002 -12"><span class='ocrx_word' id='word_1_133' title='bbox 146 1082 265 1124; x_wconf 88' lang='lat' dir='ltr'>Aperta</span> <span class='ocrx_word' id='word_1_134' title='bbox 281 1081 433 1112; x_wconf 82' lang='lat' dir='ltr'>schedula</span> <span class='ocrx_word' id='word_1_135' title='bbox 449 1080 629 1124; x_wconf 85' lang='lat' dir='ltr'>obsignata,</span> <span class='ocrx_word' id='word_1_136' title='bbox 645 1081 758 1123; x_wconf 88' lang='lat' dir='ltr'>primae</span> <span class='ocrx_word' id='word_1_137' title='bbox 774 1081 1038 1113; x_wconf 86' lang='lat' dir='ltr'>commentationi</span> <span class='ocrx_word' id='word_1_138' title='bbox 1053 1080 1145 1112; x_wconf 84' lang='lat' dir='ltr'>affixa</span> <span class='ocrx_word' id='word_1_139' title='bbox 1162 1083 1314 1125; x_wconf 86' lang='lat' dir='ltr'>apparuit</span> <span class='ocrx_word' id='word_1_140' title='bbox 1328 1094 1447 1115; x_wconf 89' lang='lat' dir='ltr'>nomen</span> 
     </span>
    </p>
   </div>
   <div class='ocr_carea' id='block_1_4' title="bbox 98 1134 1447 1558">
    <p class='ocr_par' dir='ltr' id='par_1_4' title="bbox 100 1134 1447 1287">
     <span class='ocr_line' id='line_1_17' title="bbox 101 1134 1447 1181; baseline 0.001 -15"><span class='ocrx_word' id='word_1_141' title='bbox 101 1135 211 1181; x_wconf 66' lang='lat' dir='ltr'>JAcom</span> <span class='ocrx_word' id='word_1_142' title='bbox 231 1147 268 1166; x_wconf 84' lang='lat' dir='ltr'>DE</span> <span class='ocrx_word' id='word_1_143' title='bbox 286 1135 486 1174; x_wconf 78' lang='lat' dir='ltr'>MERSSEMAN,</span> <span class='ocrx_word' id='word_1_144' title='bbox 506 1134 698 1177; x_wconf 84' lang='lat' dir='ltr'>BrugensiS,</span> <span class='ocrx_word' id='word_1_145' title='bbox 719 1135 754 1166; x_wconf 91' lang='lat' dir='ltr'>in</span> <span class='ocrx_word' id='word_1_146' title='bbox 767 1134 941 1166; x_wconf 85' lang='lat' dir='ltr'>Academia</span> <span class='ocrx_word' id='word_1_147' title='bbox 962 1135 1166 1168; x_wconf 87' lang='lat' dir='ltr'>Gandavensi</span> <span class='ocrx_word' id='word_1_148' title='bbox 1185 1135 1353 1168; x_wconf 85' lang='lat' dir='ltr'>medicinae</span> <span class='ocrx_word' id='word_1_149' title='bbox 1368 1148 1447 1168; x_wconf 87' lang='lat' dir='ltr'>can-</span> 
     </span>
     <span class='ocr_line' id='line_1_18' title="bbox 101 1188 1446 1235; baseline 0.003 -16"><span class='ocrx_word' id='word_1_150' title='bbox 101 1188 218 1229; x_wconf 83' lang='lat' dir='ltr'>didati;</span> <span class='ocrx_word' id='word_1_151' title='bbox 244 1189 301 1232; x_wconf 89' lang='lat' dir='ltr'>qui</span> <span class='ocrx_word' id='word_1_152' title='bbox 321 1189 355 1219; x_wconf 88' lang='lat' dir='ltr'>in</span> <span class='ocrx_word' id='word_1_153' title='bbox 378 1188 527 1220; x_wconf 81' lang='lat' dir='ltr'>examine</span> <span class='ocrx_word' id='word_1_154' title='bbox 552 1188 662 1220; x_wconf 88' lang='lat' dir='ltr'>habito</span> <span class='ocrx_word' id='word_1_155' title='bbox 685 1200 719 1220; x_wconf 86' lang='lat' dir='ltr'>se</span> <span class='ocrx_word' id='word_1_156' title='bbox 739 1200 855 1223; x_wconf 86' lang='lat' dir='ltr'>verum</span> <span class='ocrx_word' id='word_1_157' title='bbox 882 1200 949 1221; x_wconf 88' lang='lat' dir='ltr'>esse</span> <span class='ocrx_word' id='word_1_158' title='bbox 971 1189 1069 1234; x_wconf 85' lang='lat' dir='ltr'>hujus</span> <span class='ocrx_word' id='word_1_159' title='bbox 1093 1190 1237 1234; x_wconf 86' lang='lat' dir='ltr'>responsi</span> <span class='ocrx_word' id='word_1_160' title='bbox 1257 1191 1446 1235; x_wconf 86' lang='lat' dir='ltr'>scriptorem</span> 
     </span>
     <span class='ocr_line' id='line_1_19' title="bbox 100 1242 414 1287; baseline 0 -13"><span class='ocrx_word' id='word_1_161' title='bbox 100 1242 229 1275; x_wconf 85' lang='lat' dir='ltr'>abunde</span> <span class='ocrx_word' id='word_1_162' title='bbox 256 1243 414 1287; x_wconf 86' lang='lat' dir='ltr'>probavit.</span> 
     </span>
    </p>

    <p class='ocr_par' dir='ltr' id='par_1_5' title="bbox 98 1297 1444 1558">
     <span class='ocr_line' id='line_1_20' title="bbox 144 1297 1444 1343; baseline 0.002 -15"><span class='ocrx_word' id='word_1_163' title='bbox 144 1297 262 1329; x_wconf 87' lang='lat' dir='ltr'>Tertiae</span> <span class='ocrx_word' id='word_1_164' title='bbox 286 1297 567 1329; x_wconf 87' lang='lat' dir='ltr'>commentationis</span> <span class='ocrx_word' id='word_1_165' title='bbox 591 1303 703 1329; x_wconf 88' lang='lat' dir='ltr'>auctor</span> <span class='ocrx_word' id='word_1_166' title='bbox 732 1308 791 1340; x_wconf 86' lang='lat' dir='ltr'>per</span> <span class='ocrx_word' id='word_1_167' title='bbox 819 1297 1043 1340; x_wconf 83' lang='lat' dir='ltr'>ephemerides</span> <span class='ocrx_word' id='word_1_168' title='bbox 1072 1297 1112 1329; x_wconf 86' lang='lat' dir='ltr'>de</span> <span class='ocrx_word' id='word_1_169' title='bbox 1135 1297 1299 1330; x_wconf 83' lang='lat' dir='ltr'>facultatis</span> <span class='ocrx_word' id='word_1_170' title='bbox 1324 1298 1444 1343; x_wconf 83' lang='lat' dir='ltr'>judicio</span> 
     </span>
     <span class='ocr_line' id='line_1_21' title="bbox 100 1352 1444 1395; baseline 0.001 -11"><span class='ocrx_word' id='word_1_171' title='bbox 100 1353 216 1384; x_wconf 86' lang='lat' dir='ltr'>certior</span> <span class='ocrx_word' id='word_1_172' title='bbox 242 1352 369 1393; x_wconf 84' lang='lat' dir='ltr'>factus,</span> <span class='ocrx_word' id='word_1_173' title='bbox 397 1363 517 1383; x_wconf 86' lang='lat' dir='ltr'>nomen</span> <span class='ocrx_word' id='word_1_174' title='bbox 540 1363 636 1384; x_wconf 88' lang='lat' dir='ltr'>suum</span> <span class='ocrx_word' id='word_1_175' title='bbox 663 1357 711 1383; x_wconf 87' lang='lat' dir='ltr'>est</span> <span class='ocrx_word' id='word_1_176' title='bbox 732 1352 911 1395; x_wconf 81' lang='lat' dir='ltr'>professus,</span> <span class='ocrx_word' id='word_1_177' title='bbox 940 1358 973 1383; x_wconf 87' lang='lat' dir='ltr'>et</span> <span class='ocrx_word' id='word_1_178' title='bbox 998 1363 1056 1395; x_wconf 87' lang='lat' dir='ltr'>per</span> <span class='ocrx_word' id='word_1_179' title='bbox 1083 1357 1227 1395; x_wconf 86' lang='lat' dir='ltr'>apertam</span> <span class='ocrx_word' id='word_1_180' title='bbox 1254 1352 1444 1385; x_wconf 85' lang='lat' dir='ltr'>schedulam</span> 
     </span>
     <span class='ocr_line' id='line_1_22' title="bbox 98 1405 1442 1450; baseline 0.001 -13"><span class='ocrx_word' id='word_1_181' title='bbox 98 1406 241 1438; x_wconf 88' lang='lat' dir='ltr'>innotuit</span> <span class='ocrx_word' id='word_1_182' title='bbox 271 1405 370 1450; x_wconf 90' lang='lat' dir='ltr'>hujus</span> <span class='ocrx_word' id='word_1_183' title='bbox 402 1406 591 1449; x_wconf 80' lang='lat' dir='ltr'>scriptorem</span> <span class='ocrx_word' id='word_1_184' title='bbox 621 1416 688 1437; x_wconf 87' lang='lat' dir='ltr'>esse</span> <span class='ocrx_word' id='word_1_185' title='bbox 721 1406 887 1437; x_wconf 74' lang='lat' dir='ltr'>Isaacum</span> <span class='ocrx_word' id='word_1_186' title='bbox 912 1418 980 1438; x_wconf 72' lang='lat' dir='ltr'>van</span> <span class='ocrx_word' id='word_1_187' title='bbox 1008 1406 1090 1437; x_wconf 83' lang='lat' dir='ltr'>Lier</span> <span class='ocrx_word' id='word_1_188' title='bbox 1119 1406 1276 1447; x_wconf 88' lang='lat' dir='ltr'>Eliezifil,</span> <span class='ocrx_word' id='word_1_189' title='bbox 1308 1407 1442 1439; x_wconf 83' lang='lat' dir='ltr'>Rheno—</span> 
     </span>
     <span class='ocr_line' id='line_1_23' title="bbox 99 1459 1444 1505; baseline 0.001 -13"><span class='ocrx_word' id='word_1_190' title='bbox 99 1460 339 1504; x_wconf 81' lang='lat' dir='ltr'>Trajectinum,</span> <span class='ocrx_word' id='word_1_191' title='bbox 365 1460 399 1491; x_wconf 92' lang='lat' dir='ltr'>in</span> <span class='ocrx_word' id='word_1_192' title='bbox 424 1460 596 1492; x_wconf 88' lang='lat' dir='ltr'>Academia</span> <span class='ocrx_word' id='word_1_193' title='bbox 620 1459 936 1505; x_wconf 86' lang='lat' dir='ltr'>Rheno-Trajectina</span> <span class='ocrx_word' id='word_1_194' title='bbox 959 1460 1129 1492; x_wconf 72' lang='lat' dir='ltr'>medicinae</span> <span class='ocrx_word' id='word_1_195' title='bbox 1153 1460 1378 1493; x_wconf 86' lang='lat' dir='ltr'>candidatum:</span> <span class='ocrx_word' id='word_1_196' title='bbox 1408 1463 1444 1494; x_wconf 89' lang='lat' dir='ltr'>in</span> 
     </span>
     <span class='ocr_line' id='line_1_24' title="bbox 101 1513 1396 1558; baseline 0.001 -13"><span class='ocrx_word' id='word_1_197' title='bbox 101 1515 249 1546; x_wconf 79' lang='lat' dir='ltr'>examine</span> <span class='ocrx_word' id='word_1_198' title='bbox 265 1515 412 1547; x_wconf 89' lang='lat' dir='ltr'>instituto</span> <span class='ocrx_word' id='word_1_199' title='bbox 429 1526 463 1546; x_wconf 90' lang='lat' dir='ltr'>se</span> <span class='ocrx_word' id='word_1_200' title='bbox 483 1514 761 1546; x_wconf 86' lang='lat' dir='ltr'>commentationis</span> <span class='ocrx_word' id='word_1_201' title='bbox 780 1513 878 1558; x_wconf 78' lang='lat' dir='ltr'>hujus</span> <span class='ocrx_word' id='word_1_202' title='bbox 893 1519 1057 1545; x_wconf 82' lang='lat' dir='ltr'>auctorem</span> <span class='ocrx_word' id='word_1_203' title='bbox 1073 1524 1140 1545; x_wconf 89' lang='lat' dir='ltr'>esse</span> <span class='ocrx_word' id='word_1_204' title='bbox 1154 1513 1396 1548; x_wconf 86' lang='lat' dir='ltr'>demonstravit.</span> 
     </span>
    </p>
   </div>
   <div class='ocr_carea' id='block_1_5' title="bbox 102 1674 1443 1776">
    <p class='ocr_par' dir='ltr' id='par_1_6' title="bbox 102 1674 1443 1776">
     <span class='ocr_line' id='line_1_25' title="bbox 102 1674 1443 1719; baseline 0.001 -1"><span class='ocrx_word' id='word_1_205' title='bbox 102 1674 322 1718; x_wconf 68' lang='lat' dir='ltr'>nmmum!</span> <span class='ocrx_word' id='word_1_206' title='bbox 346 1689 631 1719; x_wconf 68' lang='lat' dir='ltr'>rAcun&#39;rAns</span> <span class='ocrx_word' id='word_1_207' title='bbox 657 1689 975 1718; x_wconf 71' lang='lat' dir='ltr'>scmlv&#39;rmnum</span> <span class='ocrx_word' id='word_1_208' title='bbox 998 1688 1443 1719; x_wconf 66' lang='lat' dir='ltr'><strong>MATERMATIGARUM</strong></span> 
     </span>
     <span class='ocr_line' id='line_1_26' title="bbox 562 1745 974 1776; baseline 0.002 -3"><span class='ocrx_word' id='word_1_209' title='bbox 562 1745 621 1773; x_wconf 77' lang='grc' dir='ltr'>ΕΤ</span> <span class='ocrx_word' id='word_1_210' title='bbox 662 1746 974 1776; x_wconf 72' lang='lat' dir='ltr'><strong>PRYSICARUM.</strong></span> 
     </span>
    </p>
   </div>
   <div class='ocr_carea' id='block_1_6' title="bbox 686 1843 857 1851">
    <p class='ocr_par' dir='ltr' id='par_1_7' title="bbox 686 1843 857 1851">
     <span class='ocr_line' id='line_1_27' title="bbox 686 1843 857 1851; baseline 0 769"><span class='ocrx_word' id='word_1_211' title='bbox 686 1843 857 1851; x_wconf 95' lang='lat' dir='ltr'> </span> 
     </span>
    </p>
   </div>
   <div class='ocr_carea' id='block_1_7' title="bbox 99 1898 1441 2104">
    <p class='ocr_par' dir='ltr' id='par_1_8' title="bbox 146 1898 448 1942">
     <span class='ocr_line' id='line_1_28' title="bbox 146 1898 448 1942; baseline 0.007 -12"><span class='ocrx_word' id='word_1_212' title='bbox 146 1898 195 1930; x_wconf 87' lang='lat' dir='ltr'>Ad</span> <span class='ocrx_word' id='word_1_213' title='bbox 220 1900 448 1942; x_wconf 53' lang='lat' dir='ltr'>quaestionem?</span> 
     </span>
    </p>

    <p class='ocr_par' dir='ltr' id='par_1_9' title="bbox 99 1953 1441 2104">
     <span class='ocr_line' id='line_1_29' title="bbox 145 1953 1436 2000; baseline 0.004 -17"><span class='ocrx_word' id='word_1_214' title='bbox 145 1963 165 1983; x_wconf 68' lang='lat'>&gt;³</span> <span class='ocrx_word' id='word_1_215' title='bbox 186 1953 357 1993; x_wconf 82' lang='lat' dir='ltr'>Quoeritur</span> <span class='ocrx_word' id='word_1_216' title='bbox 387 1956 421 1985; x_wconf 75' lang='grc' dir='ltr'>1ο</span> <span class='ocrx_word' id='word_1_217' title='bbox 446 1955 642 1988; x_wconf 79' lang='lat' dir='ltr'>Relationes</span> <span class='ocrx_word' id='word_1_218' title='bbox 667 1957 754 1988; x_wconf 80' lang='lat' dir='ltr'>inter</span> <span class='ocrx_word' id='word_1_219' title='bbox 779 1962 953 2000; x_wconf 76' lang='lat' dir='ltr'>segmenta</span> <span class='ocrx_word' id='word_1_220' title='bbox 980 1955 1150 1999; x_wconf 75' lang='lat' dir='ltr'>trianguli</span> <span class='ocrx_word' id='word_1_221' title='bbox 1174 1954 1436 1999; x_wconf 74' lang='lat' dir='ltr'>cujuscumque,</span> 
     </span>
     <span class='ocr_line' id='line_1_30' title="bbox 101 2008 1441 2055; baseline 0.003 -18"><span class='ocrx_word' id='word_1_222' title='bbox 101 2018 169 2038; x_wconf 81' lang='lat' dir='ltr'>unu</span> <span class='ocrx_word' id='word_1_223' title='bbox 204 2008 261 2039; x_wconf 75' lang='lat' dir='ltr'>vel</span> <span class='ocrx_word' id='word_1_224' title='bbox 292 2008 399 2039; x_wconf 83' lang='lat' dir='ltr'>tribus</span> <span class='ocrx_word' id='word_1_225' title='bbox 429 2011 527 2041; x_wconf 76' lang='lat' dir='ltr'>rectis</span> <span class='ocrx_word' id='word_1_226' title='bbox 556 2012 812 2043; x_wconf 73' lang='lat' dir='ltr'>transversariis</span> <span class='ocrx_word' id='word_1_227' title='bbox 836 2010 1110 2055; x_wconf 82' lang='lat' dir='ltr'>(transversales)</span> <span class='ocrx_word' id='word_1_228' title='bbox 1139 2022 1181 2043; x_wconf 83' lang='lat' dir='ltr'>ex</span> <span class='ocrx_word' id='word_1_229' title='bbox 1204 2010 1317 2043; x_wconf 83' lang='lat' dir='ltr'>eodem</span> <span class='ocrx_word' id='word_1_230' title='bbox 1338 2011 1441 2053; x_wconf 77' lang='lat' dir='ltr'>plani</span> 
     </span>
     <span class='ocr_line' id='line_1_31' title="bbox 99 2061 748 2104; baseline 0.009 -13"><span class='ocrx_word' id='word_1_231' title='bbox 99 2061 267 2104; x_wconf 81' lang='lat' dir='ltr'>trianguli</span> <span class='ocrx_word' id='word_1_232' title='bbox 282 2067 410 2104; x_wconf 82' lang='lat' dir='ltr'>puncto</span> <span class='ocrx_word' id='word_1_233' title='bbox 431 2063 599 2102; x_wconf 82' lang='lat' dir='ltr'>oriundis,</span> <span class='ocrx_word' id='word_1_234' title='bbox 626 2064 748 2096; x_wconf 82' lang='lat' dir='ltr'>secti..’&#39;</span> 
     </span>
    </p>
   </div>
  </div>
 </body>
</html>
