1747 2620
739 233 750 275 (
775 234 815 274 45
842 235 853 277 )

124 307 239 339 candos
260 319 326 339 esse
350 313 440 339 art.⁰s
459 309 515 347 11,
542 307 607 342 726
630 313 663 339 et
685 307 751 339 912
778 306 813 339 C.
837 307 906 341 Civ.
934 307 1091 352 judicavit
1118 308 1214 341 Curia
1237 309 1319 341 Cass.
1347 310 1467 342 celebri

123 368 241 394 arresto
261 362 305 403 24
323 362 407 406 Aug.
434 363 531 394 1808.

167 470 275 501 XXII.
315 469 411 509 Quod
432 471 455 500 si
481 471 670 514 peregrinus
691 470 773 502 bona
800 483 856 503 sua
878 472 912 502 in
935 473 1116 512 neminem,
1140 472 1206 504 sive
1230 471 1377 515 Belgam,
1401 471 1468 504 sive

123 529 313 555 extraneum
333 524 558 564 transmiserit,
579 530 635 564 aut
655 525 680 556 si
700 524 770 568 ejus
790 525 1009 568 dispositiones
1026 527 1059 557 in
1079 527 1242 570 peregrini
1262 525 1468 557 commodum

123 578 247 620 scriptae
267 577 385 608 effectu
405 577 548 620 legitimo
570 584 715 618 careant,
737 578 819 610 bona
842 579 910 623 ejus
934 580 968 610 in
992 580 1101 623 Belgio
1120 581 1177 611 sita
1198 580 1238 611 ad
1259 581 1371 611 fiscum
1391 590 1468 622 per-

123 632 243 671 tinent,
264 644 328 663 non
348 632 477 675 quidem
495 632 650 675 peculiari
666 633 817 665 adversus
832 639 999 665 extraneos
1016 634 1105 676 jure,
1126 645 1233 677 neque
1255 635 1351 665 etiam
1369 633 1468 665 here—

122 685 255 726 ditario,
278 686 334 718 sed
356 698 392 718 eo
413 687 499 729 quod
522 688 594 718 fisco
620 688 653 717 in
676 688 781 718 omnia
803 687 885 718 bona
910 689 1054 720 vacantia
1076 689 1230 731 competit
1253 700 1293 719 ex
1317 694 1376 719 art.
1402 687 1465 722 723

123 740 158 771 C.
182 740 251 772 Civ.
278 743 385 784 Atque
404 741 465 772 hoc
483 742 548 772 fisci
569 740 619 784 jus
638 742 671 771 in
690 741 772 772 bona
795 743 958 785 peregrini
977 743 1122 775 vacantia
1138 742 1202 786 jam
1219 743 1355 774 unicum
1371 747 1468 773 restat

122 796 296 838 vestigium
321 796 433 826 famosi
453 795 539 826 illius
558 794 636 838 juris
658 794 826 838 albinagii,
853 796 884 828 vi
911 795 1004 840 cujus
1028 797 1061 827 iu
1083 796 1205 836 Gallia,
1223 796 1316 827 salvis
1331 795 1468 839 quibus-

121 847 194 879 dam
217 848 460 890 exceptionibus
481 849 514 879 in
536 848 740 880 commodum
763 855 979 881 mercatorum
1003 856 1060 881 aut
1080 861 1119 881 ex
1139 849 1305 881 foederum
1325 850 1467 881 auctori-

120 908 185 933 tate
210 902 367 942 admissis,
395 903 558 942 extranei,
590 903 647 944 qui
676 902 835 944 indigenis
866 903 1070 934 annumerati
1095 915 1160 934 non
1186 910 1306 944 essent,
1337 903 1466 934 nullum

120 967 228 998 neque
246 957 445 999 legitimum,
464 966 571 998 neque
587 961 777 986 testamento
792 957 978 988 institutum
994 957 1146 989 heredem
1162 957 1280 989 habere
1301 963 1466 1000 poterant,

122 1009 292 1051 (Domat.,
310 1010 358 1040 les
375 1009 455 1040 Lois
474 1009 609 1046 civiles,
631 1008 686 1040 liv.
706 1009 736 1047 I,
757 1009 805 1038 tit.
824 1010 854 1045 I,
872 1016 948 1040 sect.
968 1010 1010 1050 V,
1025 1017 1084 1041 art.
1100 1011 1155 1052 3.)
1175 1012 1235 1041 nisi
1253 1011 1336 1041 forte
1352 1010 1467 1041 liberos

123 1062 240 1095 aliosve
259 1069 407 1105 cognatos
428 1063 594 1104 indigenas
610 1067 667 1092 aut
684 1061 796 1092 Galliae
815 1062 900 1093 cives
916 1062 1015 1094 factos
1032 1063 1270 1106 relinquerent,
1287 1075 1466 1107 eorumque

120 1115 202 1146 bona
223 1115 262 1146 ad
285 1116 396 1146 fiscum
418 1120 583 1157 tamquam
606 1115 750 1147 vacantia
773 1115 1038 1148 devolvebantur.

164 1221 286 1253 XXIII.
322 1222 381 1254 Jus
395 1222 478 1254 illud
495 1221 645 1265 albinagii
663 1222 702 1254 ab
718 1223 786 1254 aliis
803 1222 882 1266 juris
897 1223 1093 1265 doctoribus,
1114 1225 1205 1258 velut
1219 1225 1463 1269 Montesquieu,

116 1283 282 1320 tamquam
304 1278 478 1315 insanum,
503 1277 542 1308 ab
563 1277 646 1317 aliis,
667 1276 758 1309 velut
778 1278 910 1319 Domat,
934 1277 1039 1310 Bauer
1059 1278 1254 1321 (Lahrbueh
1270 1279 1324 1310 des
1341 1280 1463 1311 Natur-

116 1331 239 1371 rechts,
266 1331 364 1374 §293
379 1331 408 1374 ),
431 1337 597 1375 tamquam
622 1332 737 1362 stricto
756 1331 838 1373 jure
855 1332 1042 1375 fundatam
1072 1335 1274 1376 proponitur.
1302 1334 1366 1365 Nos
1388 1345 1463 1366 vero

117 1385 284 1428 posteriori
310 1385 388 1417 huic
409 1387 576 1417 sententiae
599 1385 762 1417 adhaerere
784 1397 849 1417 non
870 1386 1066 1418 dubitamus.
1093 1388 1134 1418 Et
1156 1388 1267 1420 revera
1287 1389 1344 1430 qui
1365 1389 1464 1419 ratio-

116 1452 188 1481 nes,
215 1447 285 1473 tum
304 1453 321 1472 a
342 1440 433 1472 nohis
453 1441 487 1472 in
508 1440 762 1480 introductione,
788 1451 822 1471 n.
844 1441 909 1481 IX,
931 1442 1104 1484 expositas,
1127 1448 1197 1473 tum
1218 1441 1258 1473 ab
1280 1441 1463 1474 auctoribus

117 1497 219 1527 citatis
246 1496 396 1539 allegatas
422 1495 624 1539 perpendere
653 1494 810 1535 voluerit,
837 1500 924 1526 certe
949 1506 1015 1527 non
1042 1496 1160 1539 poterit
1185 1496 1265 1539 quin
1296 1497 1330 1527 in
1357 1502 1462 1539 partes

116 1556 237 1581 nostras
258 1549 394 1581 secedat.
424 1549 492 1581 Nec
513 1550 665 1592 cuiquam
688 1549 880 1593 scrupulum
900 1562 1031 1584 movere
1056 1550 1167 1591 debet,
1197 1562 1255 1594 per
1274 1551 1357 1583 illud
1380 1551 1463 1583 albi-

115 1605 201 1648 nagii
224 1604 291 1648 jus,
320 1603 484 1644 naturale,
511 1610 550 1635 ut
575 1604 707 1647 quidam
734 1603 916 1644 clamitant,
943 1605 1182 1637 successionum
1207 1604 1258 1650 jus
1285 1606 1463 1649 peregrinis

117 1658 230 1698 adimi3
249 1664 464 1701 praeterquam
487 1659 572 1689 enim
597 1658 683 1701 quod
702 1660 939 1691 successionum
961 1659 1011 1704 jus
1031 1661 1065 1691 in
1084 1661 1190 1704 specie
1210 1673 1276 1692 non
1292 1661 1460 1701 adimitur,

118 1712 171 1744 sed
191 1714 318 1744 nonnisi
340 1714 491 1756 quiescit,
513 1714 617 1746 verior
638 1715 795 1746 sententia
814 1720 877 1755 est,
899 1714 949 1759 jus
963 1714 1156 1746 succedendi
1177 1715 1212 1746 in
1230 1715 1460 1747 defunctorum

118 1765 214 1806 hona,
236 1767 379 1810 adeoque
400 1768 497 1799 etiam
516 1767 669 1800 heredem
693 1769 760 1802 sive
781 1770 1059 1802 testamentarium
1079 1770 1145 1802 sive
1166 1770 1205 1801 ab
1230 1770 1380 1802 intestato
1400 1770 1461 1802 ha-

118 1818 229 1860 bendi,
251 1820 321 1864 jure
341 1828 466 1853 naturae
490 1821 620 1853 nullum
642 1834 725 1865 esse,
749 1823 894 1868 adeoque
915 1825 1044 1856 nonnisi
1059 1823 1131 1869 jure
1152 1824 1238 1857 civili
1259 1824 1319 1856 niti
1334 1824 1398 1868 (1),
1423 1831 1460 1856 ut

162 1932 206 1960 (1)
223 1931 320 1963 Egregie
336 1934 461 1963 Mausord,
483 1935 516 1958 du
533 1936 604 1959 Droit
618 1936 755 1959 d'Aubaine
771 1941 795 1960 et
810 1937 850 1960 des
866 1937 988 1968 e'trangers
1006 1944 1036 1959 en
1049 1935 1148 1965 Swoie,
1166 1937 1265 1966 tom.1‚
1280 1936 1322 1960 ch.
1341 1938 1364 1965 1,
1386 1937 1398 1966 ᾗ
1412 1938 1455 1960 30:

116 1980 128 1992 η
146 1971 262 1995 Debauoz
276 1977 386 2004 tamque
398 1983 456 1997 vous
473 1977 578 1999 voudrez
593 1977 614 1999 la
631 1977 742 2008 question
757 1977 785 2000 de
800 1978 880 2000 savoir
896 1977 916 1999 si
929 1977 952 1999 la
965 1976 1054 1999 facult&
1071 1976 1100 1999 de
1117 1980 1187 1999 tester
1200 1977 1340 2007 appartient
1352 1984 1382 1999 :ui
1394 1976 1458 1999 droit

117 2021 127 2032 u
146 2013 253 2039 nanu-el,
267 2021 295 2035 au
307 2013 371 2036 droit
381 2014 421 2037 des
431 2023 500 2045 gens,
516 2024 548 2039 ou
560 2025 589 2039 au
602 2018 667 2040 droit
678 2018 749 2046 civil;
763 2023 861 2040 [ouruez
873 2022 896 2040 et
906 2017 1067 2040 retournez-la
1079 2018 1107 2040 de
1119 2022 1196 2040 tontes
1206 2017 1240 2040 les
1252 2018 1380 2041 inaniet-es:
1388 2034 1454 2040 .....

113 2062 126 2074 :»
146 2053 162 2075 il
177 2058 264 2075 testera
282 2056 392 2083 toujours
406 2055 459 2078 vrai
475 2064 520 2087 que
537 2058 663 2087 rhomum,
682 2060 749 2090 apres
767 2066 792 2081 sa
808 2063 886 2088 mort,
902 2059 940 2082 n'a
954 2058 982 2081 ui
998 2058 1109 2088 voloniez,
1127 2058 1155 2081 ni
1169 2058 1304 2089 pouvoir.77
