1747 2620
886 232 998 277 (22)

321 311 460 345 Aliunde
482 309 611 342 evidens
629 315 674 341 est
693 309 825 352 planum
842 319 899 352 per
916 313 1035 340 rectam
1052 306 1171 338 RR'R''
1190 313 1220 338 et
1242 312 1401 349 punctum
1418 307 1444 338 O
1459 306 1592 340 ductum
1604 333 1612 349 ,

276 378 382 400 secare
411 365 544 410 planum
578 363 664 407 quod
695 369 809 395 vocant
841 362 1094 406 perspectivnm‚
1130 361 1183 404 (le
1201 361 1289 402 plan
1320 361 1360 392 cle
1381 364 1614 405 perspective)

276 421 454 454 secundum
480 420 596 451 lineam
617 424 754 457 rectam,
778 430 813 448 ac
837 417 969 460 proinde
996 416 1227 459 perspectivam
1254 414 1340 459 ρρ’ρ”
1366 421 1460 447 rectae
1482 417 1505 446 R
1516 416 1612 455 ww,

277 487 342 509 esse
364 476 459 507 etiam
482 473 600 504 lineam
625 477 755 503 rectam.

321 531 368 561 Ex
391 529 458 566 his,
482 526 645 557 theorema
671 535 806 566 sequens
831 522 980 567 generale
1000 521 1192 554 concludere
1217 522 1302 554 licet.

326 582 575 625 Cujuscmnque
603 579 772 622 hexagoni
798 579 939 609 sectioni
969 577 1093 608 conica>
1118 577 1273 618 inscripti
1282 600 1294 614 ,
1324 578 1432 608 latera
1460 579 1614 621 opposita

278 640 312 669 in
336 637 442 668 tribus
457 635 596 678 punctis
621 635 655 665 in
676 633 791 665 eadem
814 639 904 664 recta
918 633 1062 675 positis,
1091 642 1165 662 sese
1191 631 1331 662 invicem
1354 637 1479 662 secant.

752 762 816 794 TH
827 762 1029 794 EOREMA
1094 762 1137 792 11.

322 862 369 893 Sit
390 860 465 904 (fig.
489 859 550 902 25)
577 856 682 901 bcdef
695 858 923 901 quodcumque
943 863 1162 900 pentagonum
1185 856 1318 887 sectioni
1342 856 1460 887 conicae
1480 856 1616 899 inscrip-

278 924 367 949 tum:
393 917 418 946 si
440 914 661 958 producantur
680 913 779 944 latera
799 912 836 953 fe
853 918 885 943 et
901 912 939 942 bc·
956 923 1094 954 quorum
1116 921 1289 941 concursus
1310 916 1356 941 est
1374 909 1422 949 R',
1445 909 1562 941 deinde
1578 911 1618 941 dc

278 978 310 1003 et
323 970 364 1013 fl)
389 979 526 1013 quorum
549 978 722 998 concursus
742 972 789 998 est
805 967 848 1006 R,
872 972 904 998 et
923 966 947 996 si
968 965 1107 1007 denique
1128 965 1160 994 in
1181 969 1303 1006 puncto
1326 963 1360 1002 h,
1384 963 1522 995 ducatur
1544 970 1618 995 tan-

280 1036 356 1068 gens
372 1035 443 1066 quae
455 1022 545 1053 lateri
558 1021 600 1052 ecl
614 1022 647 1051 in
663 1020 710 1051 R''
726 1020 882 1059 occurrit,
901 1020 956 1050 tria
971 1024 1090 1061 puncta
1108 1017 1227 1048 RR'R''
1239 1023 1336 1048 erunt
1351 1018 1384 1048 in
1395 1017 1507 1048 eadem
1519 1017 1616 1049 recta.

322 1077 500 1108 Theorema
516 1075 601 1106 istud
613 1086 651 1105 ex
670 1073 863 1117 praecedenti
876 1072 968 1104 facile
982 1072 1168 1103 deducitur:
1183 1083 1256 1102 nam
1268 1072 1293 1102 si
1303 1083 1460 1114 ponamus
1474 1070 1546 1114 (fig.
1557 1071 1619 1114 24)

280 1133 362 1164 latus
373 1131 417 1162 ab
434 1130 532 1172 magis
550 1129 713 1171 magisque
724 1127 903 1159 secundun]
915 1127 1166 1170 progressionem
1181 1125 1406 1168 geometricam
1419 1124 1601 1156 decrescere
1610 1149 1618 1164 ,

280 1185 455 1229 proprietas
477 1183 642 1224 hexagono
664 1187 865 1224 competens,
886 1181 993 1212 locum
1013 1179 1159 1212 habebit:
1187 1190 1263 1222 ergo
1276 1203 1284 1218 ‚
1311 1190 1368 1222 per
1388 1179 1493 1222 legem
1515 1180 1620 1211 conti-

280 1239 427 1277 nuitatis,
453 1236 522 1267 haec
546 1235 723 1278 proprietas
748 1234 859 1266 eadem
878 1234 1037 1274 manebit,
1059 1232 1188 1276 quando
1208 1233 1294 1264 istud
1315 1233 1398 1264 latus
1420 1234 1475 1264 fiet
1494 1233 1620 1265 infinite

280 1303 433 1336 parvum,
457 1289 525 1330 vel,
547 1289 615 1320 aliis
634 1287 754 1328 verbis,
777 1288 905 1331 quando
925 1288 1007 1319 latus
1026 1287 1069 1318 ab
1085 1287 1140 1318 fiet
1157 1292 1290 1329 tangens
1306 1285 1345 1316 ad
1361 1292 1519 1328 punctum
1538 1286 1621 1330 (ab)

280 1344 461 1378 annotando
483 1344 517 1374 in
538 1342 593 1374 illo
617 1353 708 1381 casu,
734 1353 756 1372 α
771 1347 803 1373 et
824 1341 843 1372 b
864 1352 930 1373 esse
947 1352 1051 1372 unum
1072 1340 1223 1383 idemque
1238 1345 1409 1382 punctum.
1435 1340 1535 1383 Ergo,
1557 1346 1618 1372 etc.

322 1399 355 1430 Si
374 1398 535 1429 ducantur
559 1395 741 1439 diagonales
761 1394 802 1438 cf
810 1400 843 1427 et
864 1395 917 1435 be,
941 1395 966 1425 si
987 1394 1103 1426 deinde
1124 1391 1346 1437 producantur
1362 1393 1402 1424 de
1418 1399 1450 1424 et
1466 1393 1510 1436 bf
1518 1405 1620 1436 usque

281 1453 320 1485 ad
336 1463 528 1485 concursum
543 1451 577 1482 in
597 1462 630 1490 r,
649 1450 675 1481 si
695 1449 836 1493 denique
856 1449 1053 1493 producatur
1070 1448 1110 1479 dc
1127 1459 1198 1491 quae
1212 1447 1357 1489 tangenti
1372 1446 1411 1478 ad
1427 1453 1587 1490 punctum
1602 1460 1620 1479 e

281 1507 420 1539 occurrit
438 1507 472 1537 in
490 1505 533 1546 7³3
560 1505 619 1536 tria
640 1511 760 1548 puncta
780 1517 806 1544 r,
826 1505 852 1544 i,
865 1504 902 1544 ν’,
924 1509 1021 1535 erunt
1044 1504 1077 1533 in
1100 1502 1212 1533 eadem
1233 1500 1330 1532 recta.

325 1561 438 1603 Reipsa
448 1584 456 1599 ‚
475 1560 674 1602 trigonorum
691 1557 741 1601 'fc
756 1563 788 1589 et
803 1558 869 1588 r'cb
884 1557 981 1588 latera
998 1567 1063 1587 sese
1081 1555 1220 1587 invicem
1235 1555 1430 1585 intersecant
1443 1555 1478 1585 in
1493 1556 1621 1597 punctis

281 1615 322 1654 R,
333 1613 369 1645 R‘
381 1620 413 1644 et
424 1613 471 1644 R''
492 1614 526 1643 in
545 1611 656 1643 eadem
673 1610 758 1642 rectit
779 1609 905 1653 positis:
922 1619 997 1652 ergo
1013 1609 1150 1651 (Theor.
1168 1608 1249 1648 XII,
1264 1609 1304 1638 1ae
1320 1608 1425 1651 part.)
1440 1614 1535 1640 rectae
1550 1620 1621 1652 quae

282 1670 423 1711 ipsorum
447 1667 646 1708 trigonorum
674 1665 809 1696 vertices
833 1663 992 1708 jungunt,
1013 1663 1143 1694 unicam
1162 1661 1328 1694 habebunt
1343 1662 1619 1704 intersectionem3

282 1721 426 1763 adeoque
447 1731 478 1760 r,
496 1720 507 1749 i
522 1725 555 1750 et
568 1718 594 1749 r'
613 1724 709 1749 erunt
730 1718 763 1748 in
785 1717 896 1748 eadem
918 1717 1095 1748 directione
1115 1717 1227 1760 posita.

749 1834 1021 1865 THEOREMA
1077 1833 1143 1864 ΙΙΙ.

329 1929 367 1959 In
390 1928 477 1959 omni
505 1927 719 1971 quadrilatero
748 1928 880 1959 sectioni
903 1928 1021 1959 conicae
1043 1927 1212 1970 inscripto,
1244 1927 1279 1957 1⁰
1303 1925 1402 1958 latera
1423 1926 1565 1969 opposita
1590 1932 1621 1957 et

285 1988 452 2026 tangentes
471 1982 509 2014 ad
531 1983 664 2015 vertices
680 1983 837 2026 oppositos
854 1983 944 2014 istius
959 1981 1182 2025 quadrilateri,
1199 1991 1265 2012 sese
1280 1981 1474 2012 intersecant
1490 1980 1524 2010 in
1539 1991 1622 2023 qua—

285 2043 359 2070 tuor
373 2036 502 2080 punctis
512 2047 608 2080 super
622 2036 732 2068 eadem
749 2036 834 2069 recta
846 2037 967 2080 positis:
983 2037 1019 2067 2⁰
1027 2035 1208 2079 diagonales
1218 2034 1426 2079 quadrilateri
1436 2034 1581 2078 inscripti
1588 2039 1621 2065 et
