1747 2620
720 258 833 302 (43)

150 333 197 365 Ex
220 333 285 374 his,
309 345 475 376 possumus
496 332 686 364 concludere
707 333 871 374 10polzcm
896 332 984 375 plani
1007 333 1189 377 cujusdam,
1207 346 1271 366 esse
1288 337 1442 368 intersec-

105 388 225 419 tionem
246 397 450 418 communem
470 388 613 417 omnium
630 385 798 428 planorum
819 386 1154 419 circumferentiarum
1169 389 1346 420 secundum
1363 402 1441 433 quas

105 441 227 484 sphaera
254 441 396 483 tangitur
425 452 442 471 a
468 440 553 471 conis
580 450 719 482 quorum
746 440 879 471 vertices
907 452 1003 483 super
1030 442 1114 473 istud
1142 442 1275 485 planum
1307 445 1441 484 sistunt,

104 496 140 525 2⁰
168 496 313 536 planum
334 495 455 534 palare
484 494 597 536 puncti
624 492 808 536 cujusdam,
837 504 904 525 esse
929 495 1062 537 planum
1088 497 1121 527 in
1146 508 1210 539 qno
1236 498 1442 539 reperiuntur

104 549 239 580 vertices
257 548 401 578 omnium
426 558 580 578 conorum
604 546 733 590 sphaerae
750 547 1081 591 circumscriptorum,
1104 562 1241 593 quorum
1264 551 1358 594 plana
1379 553 1443 583 cir-

104 601 393 633 cumferentiarum
415 606 639 640 contactuum⁷
660 612 717 643 per
735 601 817 633 illud
836 609 996 644 punctum
1018 610 1196 636 transeunt.

148 654 297 685 Vidimus
319 655 414 697 (pag.
437 655 501 697 36)
527 661 645 685 rectam
665 654 806 696 polarem
828 656 862 686 in
883 656 978 698 plano
1000 658 1128 697 circuli,
1154 670 1218 689 non
1240 659 1357 691 habere
1382 660 1441 691 nisi

103 709 238 739 unicum
259 708 387 751 polum,
407 708 461 739 sed
483 709 516 739 in
538 709 637 751 spatio
660 714 745 739 recta
763 708 834 741 data
858 716 961 751 potest
981 711 1090 753 plures
1109 711 1278 743 admittere
1299 713 1396 755 polos.

146 763 293 793 Dii-:atur
320 763 354 793 in
381 762 476 805 plano
495 762 560 792 TT'
584 768 615 792 et
642 773 699 804 per
723 769 882 805 punctum
906 765 956 803 M,
986 771 1072 796 recta
1098 766 1137 796 ad
1164 766 1296 808 planum
1327 767 1442 799 tahulae

102 816 270 857 normalis3
289 817 381 848 istius
400 823 493 848 rectae
513 816 666 860 projectio
683 818 744 848 erit
764 824 923 860 punctum
939 819 989 849 M:
1011 830 1069 861 per
1089 826 1235 851 centrum
1253 820 1277 850 C
1292 820 1441 863 sphaerae,

103 871 241 902 ducatur
265 870 398 913 planum
422 871 460 901 ad
482 877 600 902 rectam
623 871 655 902 M
678 871 972 913 perpendicularis;
996 873 1082 904 istud
1106 873 1239 916 planum
1264 881 1382 905 rectam
1410 875 1443 906 M

103 925 222 956 secabit
249 926 282 956 in
305 931 426 968 puncto
446 925 494 965 M,
523 925 678 968 sphaeram
705 926 884 957 seeundum
906 926 1065 958 circulum
1087 927 1231 967 ATA'T'‚
1255 934 1287 959 et
1308 928 1441 971 planum

101 986 188 1011 recta
205 979 257 1009 SS'
277 979 469 1019 formatum⁷
485 979 663 1010 secundum
683 986 802 1011 rectam
818 980 881 1011 SS'.
899 981 948 1011 Ex
963 981 1233 1024 praecedentibus‚
1250 993 1359 1013 omnes
1376 983 1441 1026 poli

102 1039 198 1065 rectae
220 1034 250 1065 M
272 1033 390 1065 debent
410 1033 513 1077 jacere
533 1035 567 1065 in
586 1033 681 1077 plano
704 1034 791 1066 rect&
811 1035 864 1065 SS‘
885 1035 1037 1074 formato⁷
1060 1041 1092 1066 et
1115 1035 1212 1066 simul
1235 1036 1267 1066 in
1287 1036 1381 1078 plano
1401 1036 1441 1067 ad

100 1093 220 1119 rectam
243 1088 275 1118 M
297 1087 573 1130 perpendiculari,
593 1099 650 1130 per
669 1094 818 1119 centrum
840 1088 865 1119 C
886 1089 1000 1128 ducto;
1023 1100 1098 1131 ergo
1119 1090 1251 1120 istorum
1269 1089 1439 1132 planorum

97 1142 282 1173 intersectio
304 1141 367 1181 SS',
389 1143 450 1172 erit
470 1142 558 1173 loeus
579 1142 724 1172 omnium
744 1141 892 1184 polorum
914 1148 1008 1173 rectae
1027 1142 1070 1173 M.

143 1194 223 1226 Inde
244 1194 338 1225 facile
357 1194 561 1225 concluditur
580 1200 700 1225 rectam
717 1194 749 1225 M
765 1205 831 1225 esse
851 1195 987 1226 vicissim
1003 1195 1110 1226 locum
1131 1196 1275 1227 omnium
1291 1196 1439 1239 polorum

98 1255 194 1281 rectae
213 1248 277 1289 SS'3
300 1248 388 1280 unde
407 1248 479 1280 duae
497 1254 592 1279 rectae
607 1247 639 1278 M
655 1253 687 1278 et
701 1247 754 1277 SS'
776 1254 893 1279 vocatae
912 1255 988 1279 sunt
1001 1250 1136 1289 polares
1157 1249 1366 1292 conjugatae‚
1388 1251 1439 1282 vel

91 1303 231 1344 polares
250 1304 445 1345 reciprocae,
469 1307 617 1344 respectu
636 1301 770 1344 sphaerae
790 1308 847 1333 aut
864 1302 934 1334 aliae
954 1303 1134 1345 superficiei
1155 1304 1288 1335 secundi
1307 1305 1436 1336 ordinis.

142 1355 328 1386 Notandum
350 1361 397 1386 est
412 1354 534 1397 polares
552 1355 727 1397 reciprocas
743 1355 776 1386 M
791 1361 823 1386 et
838 1355 902 1394 SS',
923 1357 1057 1399 reperiri
1078 1358 1111 1388 in
1130 1357 1255 1389 duobus
1276 1358 1379 1400 planis
1398 1359 1437 1390 ad

98 1419 190 1440 axem
214 1407 274 1438 SA'
297 1408 508 1447 normalibus,
537 1408 680 1451 adeoque
704 1409 789 1439 inter
809 1420 842 1439 se
863 1410 1035 1452 parallelis,
1062 1417 1094 1442 et
1121 1412 1145 1442 si
1167 1413 1200 1442 in
1223 1412 1317 1454 plano
1340 1415 1437 1444 unius

97 1461 229 1505 polaris,
256 1461 393 1493 ducatur
415 1462 565 1504 parallela
587 1463 626 1494 ad
647 1462 796 1503 alteram,
817 1463 889 1495 duae
908 1464 974 1495 istae
995 1470 1107 1505 rectae,
1132 1465 1166 1496 in
1186 1465 1297 1497 eodem
1323 1466 1435 1509 plano,

97 1515 155 1547 sibi
174 1515 214 1546 ad
231 1515 364 1558 angulos
383 1521 485 1546 rectos
508 1524 695 1548 occurrunt.

141 1569 214 1600 Duo
235 1568 329 1611 plana
352 1568 404 1598 SS'
427 1575 459 1599 et
479 1569 544 1600 TT'
564 1581 637 1612 quae
658 1582 768 1602 omnes
789 1578 888 1603 rectas
910 1573 1033 1615 polares
1051 1574 1228 1617 reciprocas
1253 1575 1435 1616 continent,

97 1623 252 1654 dicuntur
272 1633 311 1653 ex
332 1622 393 1653 hac
413 1623 607 1665 proprietate
620 1625 732 1665 plana
746 1626 885 1666 polaria
905 1628 1083 1668 reciproca.

140 1677 188 1707 Sit
208 1687 297 1707 nunc
313 1676 452 1708 circulus
468 1676 493 1707 C
509 1677 582 1720 (fig.
599 1678 636 1718 41
653 1678 664 1720 )
682 1685 714 1710 et
732 1691 888 1722 ponamus
903 1680 1014 1723 polum
1031 1681 1203 1724 quemdam
1218 1682 1246 1712 A
1260 1682 1439 1713 secundum

96 1741 228 1763 curvam
250 1730 359 1761 ABEF
379 1731 519 1763 moveri:
542 1738 626 1763 recta
641 1733 756 1776 polaris
777 1735 1026 1778 correspondens
1042 1736 1085 1766 Tt
1104 1737 1198 1767 etiam
1215 1747 1286 1767 suas
1302 1736 1440 1768 mutabit
1468 1770 1472 1773 ,

95 1785 267 1827 positiones
297 1796 434 1827 quarum
466 1785 704 1818 intersectiones
734 1789 897 1821 continuae
930 1795 963 1820 et
991 1790 1149 1832 contiguae
1178 1795 1275 1820 erunt
1306 1790 1439 1822 totidem

95 1844 216 1881 puncta
237 1837 404 1882 cujusdam
425 1850 542 1871 curvae.
575 1840 606 1870 Si
628 1852 726 1873 curva
747 1843 856 1874 ABEF
880 1845 920 1874 sit
940 1845 1036 1875 sectio
1060 1844 1185 1883 conica,
1213 1855 1311 1877 curva
1335 1845 1437 1876 inter-

95 1891 288 1923 sectionibus
309 1893 461 1935 proximis
480 1899 640 1926 rectarum
659 1896 817 1939 polarium
833 1898 985 1938 formata,
1006 1898 1066 1928 erit
1082 1898 1178 1928 etiam
1197 1899 1293 1929 sectio
1309 1900 1434 1938 conica3

95 1957 170 1976 nani
187 1951 273 1976 recta
294 1946 440 1988 quaedam
462 1958 594 1981 curvam
611 1956 695 1981 secat
716 1951 749 1981 in
768 1956 814 1981 tot
829 1951 957 1993 punctis
974 1956 1053 1992 quot
1070 1958 1282 1982 numerantur
1298 1953 1435 1983 unitates

95 2000 129 2031 in
151 2000 252 2043 gradu
272 2000 362 2032 istius
386 2012 495 2034 curvae
519 2004 719 2045 aequationis:
745 2005 835 2048 atqui
857 2005 1003 2036 sectionis
1022 2006 1139 2037 conicae
1161 2007 1296 2049 aequatio
1318 2011 1366 2037 est
1383 2017 1435 2037 se—

95 2054 195 2086 cundi
213 2054 344 2098 gradus3
361 2065 437 2099 ergo
453 2061 538 2087 recta
555 2057 702 2100 quaedam
719 2059 789 2100 AB,
811 2070 842 2092 v.
859 2070 890 2102 g.
901 2083 909 2099 ⁷
930 2070 996 2091 non
1015 2065 1118 2103 potest
1135 2059 1223 2092 illam
1238 2070 1359 2101 secare,
1374 2060 1434 2091 nisi
