1747 2620
900 299 1011 341 (20)

300 377 384 402 recte
413 373 550 414 profiteri
581 372 668 402 nobis
697 372 861 409 videmur,
894 370 1038 401 omnibus
1069 381 1137 400 eam
1167 369 1268 411 legem
1294 381 1310 399 a
1338 370 1422 407 Deo,
1456 369 1613 399 mediante

299 426 435 464 ratione,
458 426 645 467 propositam
671 436 752 463 esse,
783 426 921 456 civitates
947 430 982 454 ut
1008 422 1162 460 condant,
1189 422 1338 464 civilique
1364 422 1497 463 imperio
1522 421 1613 452 obse-

301 479 410 520 quium
436 484 593 520 praestent.
624 478 744 508 Verum
770 488 831 507 non
853 487 888 507 ea
912 476 1053 518 profecto
1074 481 1120 505 est
1141 475 1264 506 Summi
1284 475 1431 506 Numinis
1453 475 1611 514 voluntas,

300 536 336 559 ut
361 530 565 571 potentissimi
591 529 757 572 cujuslibet
783 529 935 570 imperi0‚
967 528 1031 559 sive
1054 527 1136 570 justo
1161 528 1226 559 sive
1251 527 1384 570 injusto,
1414 527 1556 558 homiues
1580 538 1612 558 se

299 581 499 621 submittant3
519 582 652 624 ideoque
673 582 734 612 sola
751 583 796 613 vis
812 592 967 622 supremae
987 581 1146 622 potestatis
1165 581 1323 611 contineat
1342 592 1466 611 causam
1484 586 1516 611 et
1534 581 1613 611 fun-

299 634 497 665 damentum:
525 635 579 665 sed
599 635 659 665 hoc
686 641 808 665 tantum
833 635 919 664 Deus
945 633 1024 665 velle
1048 633 1222 663 censendus
1247 639 1307 671 est,
1332 639 1369 664 ut
1393 634 1425 663 in
1450 632 1612 675 republica

299 687 468 728 imperium
486 688 694 718 constituatur
709 688 912 729 legitimum,
933 687 984 717 cui
1004 686 1222 727 obtemperent
1239 686 1389 717 universi.
1412 686 1612 727 Legitimum

298 749 372 769 vero
391 738 476 769 aliud
501 739 670 780 imperium
695 739 820 770 nullum
841 745 902 776 est,
925 739 982 768 nisi
1005 738 1090 780 quod
1114 738 1276 769 communi
1300 738 1418 769 civium
1440 735 1618 776 consensus

298 791 362 821 sive
387 792 593 821 conventione
623 793 745 822 nititur.
777 794 884 833 Itaque
909 797 1030 821 tantum
1057 791 1158 829 abest,
1189 797 1226 822 ut
1251 791 1391 821 doctrina
1421 791 1459 821 de
1485 791 1611 833 imperii

299 842 403 872 divina
422 844 541 885 origine
558 844 724 885 impediat,
744 845 914 886 quominus
933 849 1066 885 potestas
1085 843 1184 874 civilis
1201 843 1310 884 populi
1330 854 1482 873 consensu
1499 853 1612 885 super-

298 900 453 933 struatur,
478 901 515 925 ut
542 896 644 936 potius
671 907 708 926 ex
740 897 845 927 divina
873 897 1035 928 voluntate
1063 896 1143 927 illud
1171 901 1295 926 tantum
1319 897 1487 938 imperium
1517 897 1612 938 possit

297 947 416 989 justum
440 947 682 988 legitimumque
703 949 839 986 censeri,
861 948 946 989 quod
967 949 1065 979 libero
1086 949 1203 979 civium
1230 959 1383 979 consensu
1405 949 1612 979 constitutum

296 999 344 1028 sit.
367 999 450 1036 Quae
466 1010 565 1040 quum
582 1001 624 1029 ita
641 1000 716 1037 sint,
735 1000 853 1042 optimo
871 999 941 1042 jure
960 1001 1123 1042 sequimur
1142 1011 1210 1030 eam
1226 1001 1430 1039 sententiam,
1450 1013 1612 1032 summum

296 1050 478 1092 reipublicae
499 1051 684 1092 imperium,
710 1051 837 1082 favente
857 1052 915 1082 Dei
935 1053 1033 1094 gratia
1054 1058 1086 1082 et
1105 1052 1282 1090 voluntate,
1301 1051 1355 1082 sed
1372 1052 1471 1082 libero
1493 1053 1611 1084 civium

298 1113 466 1141 consensu,
486 1109 576 1145 pacto
595 1103 745 1133 nimirum
767 1104 1016 1143 fundamentali,
1040 1108 1073 1135 in
1095 1116 1259 1147 personam
1279 1106 1478 1147 imperantis,
1500 1106 1612 1148 singu.-

297 1154 394 1185 larem
416 1161 470 1186 aut
490 1155 654 1194 moralem,
677 1155 861 1187 translatum
883 1168 948 1188 esse
967 1158 1172 1188 censendum.

340 1207 387 1237 Ne
404 1218 477 1238 vero
493 1208 687 1246 existimetis,
709 1209 746 1238 A.
766 1208 823 1248 Η.,
844 1221 955 1241 vanam
977 1211 1105 1241 omnino
1123 1222 1204 1250 esse,
1226 1217 1258 1241 et
1278 1211 1316 1242 ad
1338 1210 1475 1241 scholam
1490 1210 1611 1241 sotum—

297 1259 389 1290 modo
410 1261 567 1301 pertinere
586 1260 672 1290 illam
688 1261 726 1291 de
741 1261 847 1292 divina
867 1263 993 1304 imperii
1014 1263 1135 1304 origine
1150 1263 1411 1305 disputationem,
1433 1274 1611 1305 parumque

298 1311 336 1341 ad
356 1313 454 1353 ipsam
475 1323 580 1343 rerum
606 1312 805 1355 publicarum
833 1314 1046 1344 conditionem
1070 1314 1207 1354 referre,
1234 1326 1297 1357 quo
1319 1326 1413 1346 sensu
1432 1315 1485 1345 illa
1505 1315 1611 1346 deter-

297 1364 445 1394 minetur.
485 1365 571 1403 Quos
601 1366 685 1396 enim
719 1371 751 1396 et
780 1377 875 1408 quam
910 1366 1050 1397 funestos
1082 1367 1214 1397 effectus
1246 1367 1280 1397 iu
1310 1368 1407 1409 ipsam
1439 1378 1610 1409 regnorum

295 1416 549 1458 populorumque
582 1417 765 1449 felicitatem
794 1418 942 1449 habuerit
969 1420 1123 1449 sententia
1153 1419 1206 1450 illa
1235 1430 1400 1461 perperam
1430 1419 1608 1459 intellecta,

295 1468 462 1509 imperium
485 1469 576 1499 civile
593 1480 609 1499 a
630 1470 697 1500 Deo
714 1471 837 1510 venire,
855 1470 914 1501 hoc
930 1470 1180 1502 luculentissime
1200 1471 1336 1502 historiae
1356 1471 1490 1514 politica:
1510 1471 1611 1503 docu-

296 1526 400 1550 menta
426 1526 588 1551 testantur.

339 1573 461 1603 Etenim
482 1575 654 1616 principes,
677 1576 848 1618 imperium
864 1587 928 1606 non
946 1576 1057 1618 populi
1073 1577 1249 1616 voluntate,
1269 1577 1323 1607 sed
1342 1577 1486 1619 proxime
1505 1589 1522 1608 a
1542 1578 1609 1608 Deo

296 1625 329 1654 iu
351 1636 381 1655 se
402 1626 548 1657 collatum
569 1627 769 1668 arbitrantes,
790 1629 892 1659 conati
907 1634 939 1659 et
957 1630 1024 1660 ausi
1040 1635 1114 1660 sunt
1134 1630 1262 1671 Regiam
1278 1630 1497 1661 auctoritatem,
1512 1631 1610 1672 magis

296 1679 457 1720 magisque
477 1691 609 1722 augere,
634 1681 744 1723 populi
767 1681 837 1724 jura
861 1681 994 1721 violare,
1020 1683 1210 1712 sanctissima
1232 1681 1383 1713 libertatis
1404 1682 1502 1714 civilis
1526 1693 1610 1724 prae-

297 1730 394 1769 sidia,
420 1732 554 1773 antiquis
579 1733 716 1764 moribus
745 1740 776 1765 et
802 1735 953 1765 institutis
978 1734 1134 1774 stabilita,
1161 1735 1310 1777 abrogare
1334 1741 1430 1776 atque
1455 1740 1607 1765 evertere.

297 1782 459 1824 Nusquam
481 1795 554 1816 vero
569 1791 724 1817 terrarum
743 1789 896 1818 sententia
919 1787 971 1818 illa
994 1788 1126 1830 majores
1142 1788 1265 1830 peperit
1285 1787 1492 1826 calamitates,
1513 1798 1608 1828 quam

297 1835 330 1864 in
350 1835 522 1866 Britannia.
546 1838 708 1880 Principes
729 1840 813 1870 enim
831 1851 869 1870 ex
889 1846 983 1882 gente
998 1842 1183 1877 Stuartica,
1202 1841 1257 1883 qui
1273 1840 1312 1871 ad
1327 1840 1448 1882 Angliae
1463 1841 1609 1882 Regnum

296 1895 520 1928 pervenerant,
542 1901 640 1932 quum
660 1891 774 1923 imbuti
795 1899 897 1923 essent
917 1893 970 1924 ills
988 1893 1146 1933 doctrina,
1162 1893 1332 1935 imperium
1352 1893 1466 1925 diviuae
1481 1893 1608 1935 originis

297 1949 377 1978 esse,
399 1946 646 1984 potestatemque
663 1955 841 1986 supremam
858 1946 954 1976 nullis
974 1945 1126 1976 limitibus
1141 1947 1312 1985 contineri,
1331 1957 1394 1976 non
1409 1945 1510 1976 solum
1526 1945 1608 1976 hanc

297 1990 470 2022 doctrinam
499 1993 638 2034 qualibet
663 1995 764 2026 oblata
792 1998 952 2028 occasione
980 1998 1084 2040 palam
1107 1998 1351 2040 profitebantur,
1377 2009 1487 2030 verum
1512 1998 1608 2028 etiam

297 2045 425 2086 exsequi
445 2050 477 2075 et
493 2044 533 2076 acl
548 2045 746 2087 publicarum
767 2060 874 2080 rerum
895 2049 1156 2092 gubernationem
1176 2050 1410 2082 accommodare
1427 2049 1605 2081 studebant.
