1747 2620
270 331 438 365 possumus
454 329 493 351 ex
509 315 781 350 observationibus
796 315 930 355 Bohnii,
946 314 1145 357 Schlichting
1155 339 1163 354 ,
1181 313 1355 346 Schneider
1368 314 1414 358 (1)
1430 314 1604 355 declarare,

272 375 378 406 omnia
402 373 535 406 vulnera
557 384 628 415 quae
650 371 689 403 ad
715 377 838 414 partem
859 370 1057 413 superiorem
1081 369 1229 400 medullae
1252 369 1456 410 inferuntur,
1481 370 1606 402 lethum

272 440 338 472 prae
359 439 391 460 se
414 428 514 466 ferre,
538 426 701 468 hujusque
721 426 768 456 rei
793 426 872 455 ratio
892 425 925 455 in
948 429 1100 466 promptu
1124 428 1186 453 est:
1209 423 1349 454 medulla
1371 424 1458 454 enim
1479 423 1608 467 spinalis

273 484 428 526 originem
444 480 564 524 praebet
581 480 687 511 nervis
700 477 847 509 omnibus
863 477 1053 508 animalibus
1064 476 1215 507 Thoracis
1231 482 1263 508 et
1274 476 1466 516 abdominis,
1479 478 1503 508 si
1520 489 1609 509 nunc

272 538 341 569 haec
358 536 562 573 vulneretur,
582 534 727 576 protinus
742 542 915 562 nervorum
936 530 1061 561 functio
1076 531 1110 560 in
1125 530 1265 562 deterius
1280 532 1347 562 ruit
1362 537 1394 562 et
1410 531 1460 563 vel
1479 531 1609 574 quidem

274 590 403 622 omnino
426 587 688 629 interrumpitur,
709 591 741 615 et
760 585 943 615 moriuntur
959 584 1002 614 sic
1022 583 1183 616 vulnerati
1204 585 1403 626 potissimum
1419 585 1610 627 asphyctici,

275 644 345 676 ideo
363 643 448 686 quod
470 642 562 674 nervi
585 639 800 672 intel-costales
821 644 851 669 et
875 638 1139 681 diaphragmatici
1160 638 1306 680 protinus
1328 638 1458 678 sileant,
1483 639 1611 670 Thorax

276 710 339 729 non
361 696 498 739 amplius
514 695 682 733 dilatetur,
706 693 870 736 respiratio
891 693 1147 735 interrumpatur
1168 697 1200 722 et
1216 691 1389 722 suffocatus
1408 699 1518 735 pereat
1538 692 1614 724 vul-

276 758 417 784 neratus.
441 750 555 792 Neque
575 747 773 780 solummodo
794 747 936 778 laesioues
958 746 1108 777 medullae
1130 745 1293 776 influxum
1316 757 1412 777 suum
1440 746 1475 776 in
1497 757 1613 789 organa

278 805 492 849 respirationis
513 808 682 840 exercent,
710 800 764 832 sed
785 807 817 832 et
839 801 935 832 etiam
962 800 1135 831 maximam
1159 799 1286 831 turbam
1313 800 1347 830 in
1373 799 1615 832 circulationem

278 861 438 898 efficiunt,
463 856 651 888 testantibus
669 854 748 886 illud
764 853 1127 897 experimentationibus
1140 865 1158 884 a
1172 853 1329 896 Legallois
1346 854 1515 894 institutis,
1536 865 1618 896 qua-

278 926 352 946 rum
374 914 425 944 hic
448 922 530 954 pone
551 910 697 952 sequitur
713 909 856 939 succinta
878 909 1036 939 enarratio
1054 908 1113 950 (2).
1137 908 1170 938 Si
1191 907 1277 949 apud
1296 908 1413 939 animal
1434 908 1618 951 quodcum-

280 980 343 1012 que
358 967 533 999 destruitur
546 963 684 995 medulla
696 962 846 993 rachitica
854 986 862 1001 ,
874 972 1000 1004 semper
1012 967 1044 992 et
1055 966 1235 998 constanter
1246 961 1422 992 destruitur
1433 962 1598 993 circulatio
1608 976 1616 1001 ·‚

281 1022 366 1067 quod
386 1022 411 1052 si
429 1017 651 1051 tantummodo
672 1017 775 1059 portio
798 1015 896 1060 hujus
918 1014 1081 1048 cervicalis
1102 1015 1286 1053 auferatur,
1312 1013 1397 1045 idem
1413 1014 1495 1046 illud
1511 1017 1620 1048 evenit

281 1084 314 1108 et
335 1076 484 1107 citissime
508 1078 641 1103 necatur
660 1070 789 1101 animal.
812 1070 844 1100 Si
863 1080 939 1102 vero
958 1069 1061 1111 portio
1078 1068 1251 1099 Thoracica
1273 1068 1413 1100 funiculi
1436 1069 1620 1101 medullaris

283 1131 478 1172 extirpatur,
507 1125 653 1168 protinus
674 1129 706 1154 et
726 1122 856 1165 quidem
882 1123 982 1165 spatio
1002 1121 1151 1153 binarum
1177 1122 1378 1153 minutarum
1405 1122 1620 1154 secundarum

285 1183 451 1217 circulatio
470 1186 583 1219 cessat,
608 1178 651 1220 (si
673 1177 735 1221 jam
755 1177 876 1208 seilicet
895 1175 978 1207 binis
998 1175 1110 1206 diebus
1130 1180 1243 1206 natum
1264 1175 1305 1205 sit
1325 1176 1478 1218 animal).
1508 1177 1622 1216 Quum

285 1240 415 1270 demum
432 1245 504 1278 pars
523 1232 651 1264 rachitis
668 1230 821 1262 lumbaris
838 1229 968 1260 animali
988 1228 1133 1267 cuidam,
1154 1229 1344 1270 vigesimum
1362 1228 1425 1271 jam
1445 1229 1529 1261 diem
1547 1237 1622 1262 nato

286 1292 446 1328 evellitur,
460 1287 608 1319 citissime
626 1285 762 1323 iterum,
778 1283 878 1326 spatio
893 1282 1043 1313 binarum
1059 1282 1258 1313 minutarum
1270 1282 1485 1313 secundarum
1499 1283 1625 1315 functio

286 1342 502 1378 circulationis
531 1340 691 1382 disparet,
731 1348 770 1368 ex
798 1336 847 1367 his
879 1334 1166 1379 periclitationibus
1193 1335 1358 1366 concludit
1385 1336 1541 1378 Legallois
1571 1349 1625 1369 cor

287 1400 417 1432 omnino
441 1393 557 1427 actioni
579 1390 729 1424 medullae
747 1389 939 1421 submissum
966 1399 1043 1420 esse.
1069 1389 1225 1428 Quamvis
1246 1390 1430 1431 opinionem
1455 1390 1539 1421 hanc
1560 1403 1625 1423 non

288 1453 509 1489 admittamus,
537 1459 602 1479 non
628 1452 737 1478 tamen
763 1454 931 1488 possumus
951 1453 1069 1484 negare
1092 1442 1210 1474 ho'rum
1236 1442 1410 1475 vulnerum
1436 1445 1626 1486 gravitatem

289 1515 386 1551 atque
410 1504 520 1537 mortis
542 1500 736 1546 periculum.

334 1561 399 1591 Vix
419 1559 515 1590 unica
536 1555 588 1588 vel
605 1555 714 1598 plures
734 1551 888 1585 vertebrae
903 1552 1115 1594 franguntur,
1135 1551 1215 1593 quin
1235 1550 1352 1582 exinde
1367 1551 1558 1584 vulneretur
1576 1553 1627 1586 vel

293 1613 523 1656 comprimatur
545 1608 704 1647 medulla,
721 1616 846 1649 semper
861 1605 910 1636 liae
926 1605 1076 1636 fracturae
1095 1604 1328 1647 complicantur
1348 1605 1529 1638 laesionibus
1552 1618 1629 1638 ner—

293 1668 374 1700 vosis
395 1677 412 1697 e
433 1663 549 1707 quibus
570 1667 708 1704 surgunt
729 1665 938 1703 symptomata
963 1659 1095 1702 pessima
1112 1658 1177 1702 (3),
1202 1659 1328 1691 lethum
1352 1660 1574 1703 producentia.
1597 1662 1630 1692 Si

295 1729 402 1753 tamen
423 1716 605 1762 periculum
627 1726 691 1757 quo
712 1715 870 1756 stipantur
892 1713 969 1744 tales
987 1712 1170 1745 affectiones
1194 1713 1370 1744 maximum
1390 1719 1452 1753 est,
1473 1715 1630 1746 rarissime

296 1776 392 1807 etiam
409 1773 459 1803 hae
476 1770 654 1803 obveniunt
667 1767 730 1810 (4);
753 1766 908 1800 vertebrae
926 1777 1044 1809 nempe
1064 1777 1130 1797 ossa
1149 1766 1257 1798 brevia
1275 1772 1364 1806 sunt,
1387 1777 1459 1809 quae
1475 1778 1632 1811 magnum

296 1829 447 1861 renisum
472 1823 657 1867 corporibus
678 1820 933 1865 percutientibus
958 1819 1122 1863 praebent,
1151 1826 1217 1851 tam
1246 1820 1343 1851 firmis
1367 1826 1525 1862 praeterea
1549 1820 1632 1864 liga-

298 1903 1624 1920 -—---————-———————-——-—————-

358 1958 403 1988 (1)
420 1956 540 1981 Videatur
555 1954 650 1978 Olivier
668 1953 797 1983 d’Angers,
817 1952 888 1975 traite'
905 1952 945 1975 des
959 1951 1075 1975 mnladies
1089 1949 1156 1973 dela
1170 1950 1268 1980 moelle,
1288 1954 1349 1974 tom.
1371 1951 1394 1974 1.
1412 1957 1471 1981 pag.
1491 1950 1533 1981 95.

359 1999 404 2028 (2)
421 1997 530 2025 Ibidem,
552 2000 612 2018 tom.
636 1996 658 2018 Ι.
679 2001 736 2024 pag.
758 2000 810 2015 ιιο.

361 2039 406 2068 (3)
423 2037 458 2060 De
473 2037 570 2066 Mussy,
589 2035 633 2057 lib.
657 2034 742 2062 land.‚
758 2040 816 2064 pag.
838 2032 877 2056 18.

363 2079 407 2109 (4)
424 2077 517 2108 Boyer‚
536 2075 630 2099 malad.
650 2074 730 2103 chin,
753 2073 806 2098 vol.
827 2074 863 2096 11.
882 2080 939 2104 pag.
957 2073 997 2096 61.
1018 2071 1087 2097 Edit.
1108 2070 1235 2094 Parisinae.
