1747 2620
887 235 897 277 (
922 236 964 275 42
988 235 999 277 )

273 313 415 355 ipsorum
438 311 693 342 intersectionem
715 320 780 341 esse
799 310 894 340 etiam
911 308 1208 352 perpendicularem
1226 309 1265 340 ad
1285 309 1438 341 ultimum
1455 309 1606 352 planum,

274 365 418 408 adeoque
446 364 484 395 ad
512 371 630 395 rectam
657 363 736 394 S'C''
746 375 752 394 2
784 374 860 406 ergo
886 363 1025 406 denique
1049 363 1188 404 (Theor.
1214 363 1249 404 Ι)
1276 363 1332 393 ista
1356 364 1537 394 intersectio
1561 369 1608 394 est

275 426 360 451 recta
383 419 497 462 polaris
518 419 631 460 puncti
647 418 695 456 M,
717 424 865 459 respectu
885 417 995 448 circuli
1013 416 1090 447 aa'‘.
1115 416 1203 448 Idem
1218 416 1378 448 diceretur
1394 416 1433 447 de
1451 417 1512 447 alio
1527 428 1610 460 quo-

272 484 403 515 cunque
422 472 517 514 plano
538 482 595 513 per
617 470 647 501 M
667 470 774 501 ducto.

316 528 366 558 Ex
386 526 446 557 hoc
462 526 608 567 sequitur
622 524 755 567 planum
777 523 828 554 SS'
853 525 1018 555 continere
1036 535 1145 555 omnes
1166 530 1266 555 rectas
1282 524 1404 567 polares
1425 524 1539 567 puncti
1556 524 1605 563 M,

271 587 304 612 et
325 579 457 623 proinde
479 590 545 610 esse
567 578 698 621 planum
723 578 829 621 polare
852 578 964 620 puncti
987 577 1029 608 M.

315 634 499 666 Notandum
523 633 615 676 plana
637 632 688 663 SS'
714 639 746 663 et
767 631 832 662 TT'
855 642 920 663 esse
939 631 1105 674 parallela,
1131 630 1287 674 siquidem
1309 631 1348 662 ad
1369 631 1514 662 eamdem
1535 641 1608 662 rec-

270 695 335 720 tam
357 688 415 719 SA'
437 688 499 718 sint
517 687 682 718 normalia.

315 743 346 773 Si
367 753 455 773 nunc
480 741 610 784 sphaerae
638 739 918 772 circumscribatur
946 751 1063 771 conum
1086 739 1179 783 cujus
1203 745 1313 771 vertex
1335 739 1375 770 sit
1394 745 1552 781 punctum
1576 738 1606 769 S'

270 797 304 827 in
325 795 420 838 plano
441 794 493 825 SS'
513 795 667 837 positum,
689 794 822 836 planum
840 796 1004 825 contactus
1020 794 1068 833 Μ’,
1090 796 1151 825 erit
1171 794 1303 836 planum
1323 793 1430 836 polare
1448 794 1561 836 puncti
1577 793 1608 823 S'

270 850 410 893 (Theor.
432 849 502 890 V),
524 848 668 891 adeoque
690 859 800 878 omnes
818 848 906 890 polos
926 849 1038 891 puncti
1060 848 1101 887 S',
1123 848 1287 878 continere
1308 846 1419 878 debet:
1441 847 1546 890 atqui,
1571 853 1608 878 ut

270 916 364 947 supra
386 903 541 942 vidimus,
570 902 602 933 M
623 908 670 933 est
692 913 796 933 unum
822 913 839 932 e
860 901 939 944 polis
962 902 1075 944 puncti
1096 901 1138 941 S'3
1167 912 1242 943 ergo
1267 901 1400 944 planum
1423 901 1472 940 tt',
1497 912 1554 943 per
1575 901 1607 932 M

270 959 404 989 transire
425 957 530 990 debet.
550 958 591 987 Et
606 956 781 988 cumidem
803 955 923 988 valeret
944 955 983 986 de
1003 956 1064 987 aho
1082 966 1278 999 quocunque
1296 961 1416 997 puncto
1434 954 1522 997 plani
1543 954 1611 994 SS'?

271 1023 439 1056 possumus
461 1011 652 1043 concludere
677 1011 856 1042 Theorema
878 1022 1024 1054 sequens.

742 1140 1016 1172 THEOREMA
1078 1140 1142 1171 VI.

317 1236 348 1266 Si
374 1240 494 1278 puncta
518 1235 551 1265 in
576 1245 711 1266 numero
738 1244 954 1277 quocunque,
985 1234 1049 1263 sint
1076 1233 1109 1264 in
1134 1233 1244 1264 eodem
1274 1232 1369 1275 plano
1395 1233 1469 1270 sita,
1497 1243 1611 1263 eorum

271 1289 364 1332 plana
396 1288 515 1331 polaria
543 1299 601 1331 per
627 1289 760 1319 unicum
788 1294 947 1331 punctum
974 1287 1175 1327 transibunt,
1202 1287 1288 1330 quod
1317 1287 1377 1318 erit
1394 1287 1497 1328 polus
1522 1286 1610 1328 plani

271 1344 375 1374 omnia
400 1344 456 1373 ista
481 1348 600 1385 puncta
627 1343 835 1372 continentis:
866 1342 1001 1374 vicissim
1024 1341 1084 1372 hoc
1105 1342 1239 1384 planum
1261 1342 1321 1372 erit
1346 1340 1478 1384 planum
1501 1340 1611 1383 polare

271 1397 384 1439 puncti
404 1398 437 1427 in
460 1407 524 1439 quo
543 1407 609 1427 sese
631 1396 824 1426 intersecant
846 1396 951 1426 omnia
973 1395 1066 1438 plana
1089 1395 1218 1438 polaria.

315 1451 492 1482 Theorema
518 1450 602 1481 istud
626 1456 672 1481 est
693 1449 858 1492 generale,
886 1449 1009 1480 etiamsi
1034 1449 1166 1491 planum
1193 1448 1301 1491 polare
1325 1448 1481 1490 sphaeram
1506 1452 1609 1487 secet3

270 1516 344 1535 nam
360 1505 398 1534 sit
416 1504 508 1534 T'TP
524 1503 658 1546 planum
679 1503 786 1546 polare
802 1503 866 1545 poli
882 1503 918 1542 S,
936 1508 968 1532 et
980 1513 1036 1544 per
1051 1502 1070 1531 S
1088 1502 1225 1533 ducatur
1240 1501 1373 1543 planum
1393 1499 1610 1542 quodcunque

270 1558 324 1589 Sa'
346 1558 501 1600 sphaeram
523 1569 631 1589 secans
656 1557 835 1588 secundum
857 1556 1014 1587 circulum
1035 1555 1102 1593 acz'3
1126 1555 1195 1585 dico
1217 1566 1334 1585 conum
1358 1554 1512 1596 sphaeram
1537 1559 1610 1584 tan—-

271 1618 399 1655 gentem
427 1611 604 1642 secundum
628 1611 922 1641 circumferentiam
947 1609 1015 1649 (ω’,
1041 1621 1134 1640 suum
1161 1610 1194 1639 in
1220 1609 1315 1651 plano
1340 1608 1432 1639 T'TP
1457 1609 1608 1640 verticem

269 1666 398 1697 habere.
428 1666 489 1695 Per
511 1676 603 1695 axem
629 1664 688 1694 SA'
715 1664 851 1695 ducatur
877 1664 1010 1707 planum
1034 1663 1300 1707 perpendiculare
1321 1662 1360 1693 ad
1385 1662 1518 1705 planum
1543 1661 1609 1700 Sa',

270 1719 357 1763 quod
384 1719 536 1749 ultimum
566 1717 769 1749 intersecabit
796 1718 974 1749 secundum
1003 1723 1122 1748 rectam
1148 1717 1213 1756 Sa',
1246 1716 1405 1748 circulum
1431 1715 1609 1747 secundum

269 1774 462 1805 diametrum
486 1772 552 1812 (ια’,
575 1778 607 1803 et
631 1772 770 1815 denique
789 1772 922 1815 planum
937 1768 1008 1802 'T'T
1028 1771 1205 1803 secuudum
1227 1776 1346 1802 rectam
1363 1769 1467 1800 T'TP.
1489 1769 1610 1800 Vertex

270 1828 341 1859 coni
371 1826 526 1869 sphaeram
560 1826 721 1868 tangentis
752 1826 931 1857 secundum
965 1826 1242 1857 circonserentiam
1272 1824 1344 1863 (ια’,
1377 1824 1609 1855 determinatur

270 1892 429 1912 concursu
451 1880 652 1921 tangentium
673 1880 707 1910 in
726 1881 854 1922 punctis
875 1892 897 1911 α
913 1886 945 1911 et
960 1879 992 1910 α’
1011 1880 1097 1923 plani
1115 1879 1213 1910 SA'P.
1239 1879 1338 1921 Atqui
1362 1879 1427 1909 istae
1443 1868 1609 1920 tangentes

269 1934 408 1977 (Theor.
431 1934 497 1976 ΙΙΙ)
524 1944 590 1964 sese
615 1939 723 1964 secant
750 1934 783 1964 in
805 1940 927 1977 puncto
949 1934 963 1963 I
988 1945 1081 1976 supra
1111 1932 1220 1971 TT'P,
1250 1933 1368 1974 posito:
1396 1942 1471 1973 ergo
1498 1936 1607 1962 vertex

271 1988 342 2019 coni
374 1987 529 2030 sphaeram
558 1987 717 2029 tangentis
746 1987 924 2018 secundum
951 1987 1244 2018 circumferentiam
1274 1985 1341 2025 ατί,
1371 1985 1550 2028 reperietur
1573 1985 1607 2014 in

270 2042 365 2085 plano
386 2040 486 2084 polari
507 2041 620 2083 puncti
636 2040 667 2071 S.
692 2039 779 2072 Idem
805 2039 993 2083 probaretur
1012 2052 1069 2082 pro
1090 2040 1150 2070 alio
1170 2049 1376 2082 quocumque
1397 2038 1491 2081 plano
1510 2048 1566 2080 per
1587 2036 1608 2066 S

271 2095 385 2127 ducto:
407 2106 482 2138 ergo
504 2094 680 2126 Theorema
700 2106 796 2138 supra
815 2095 1020 2126 enuntiatum
1046 2099 1092 2126 est
1114 2092 1274 2136 generale.
