1747 2620
751 234 762 276 (
787 237 826 266 11
853 235 865 278 )

188 310 226 340 In
248 320 311 352 quo
332 307 461 351 quidem
485 307 674 350 opinionum
695 306 821 338 dissidio
842 318 952 340 veram
976 309 1165 340 sententiam
1187 310 1310 352 primus
1331 311 1474 344 def'endit

144 364 193 395 vir
205 362 357 401 eximius,
373 360 477 403 Belgii
496 366 652 393 aeternum
669 359 766 391 decus
782 365 815 391 et
833 360 947 403 gloria,
962 362 1070 404 Hugo
1091 362 1237 393 Grotius.
1256 363 1374 395 Docuit
1388 366 1474 396 enim

141 415 357 458 sagacissimus
375 415 524 456 scriptor,
545 414 672 456 imperii
692 413 743 456 jus
760 413 800 444 ab
820 414 874 454 iis,
897 414 954 456 qui
974 415 1069 457 primi
1090 415 1125 446 in
1144 415 1324 447 civitatibus
1343 428 1375 447 se
1396 429 1474 448 con-

143 468 325 512 junxerint,
348 467 382 498 in
402 468 595 509 imperantes
615 477 773 506 manasse,
797 472 829 497 et
849 478 1017 510 supremae
1041 469 1203 510 potestatis
1222 480 1286 500 non
1308 469 1472 510 divinum,

143 520 198 551 sed
214 520 393 551 humanum
410 531 476 551 esse
490 520 689 559 institutum,
712 519 820 551 divina
839 519 922 551 illud
937 521 1102 553 voluntate
1121 522 1349 565 approbatum:
1369 529 1473 554 teme-

143 574 257 605 rariam
283 584 357 605 vero
381 572 492 617 rejecit
514 573 689 604 doctrinam
712 584 841 613 eorum,
868 574 924 616 qui
949 575 1141 617 imperantes
1161 575 1360 607 subditorum
1386 577 1475 608 dele-

143 633 251 671 gatos,
284 627 461 670 populique
489 626 609 671 judicio
638 633 669 657 et
705 627 851 669 potestati
877 626 1035 670 subjectos
1067 639 1133 659 esse
1165 629 1383 661 existimarent
1415 630 1474 672 (1).

141 681 281 720 Verum,
304 692 406 722 quum
431 692 495 711 non
520 680 599 725 juris
623 678 763 722 publici,
791 678 846 709 sed
868 679 974 721 potius
998 679 1077 723 juris
1103 681 1248 723 gentium
1274 681 1474 724 disciplinam

143 735 272 766 rationis
295 735 461 777 principiis
485 740 518 765 et
547 734 687 765 historiae
708 732 907 763 documentis
927 733 1087 763 sumsisset
1110 733 1346 769 illustrandam;
1372 746 1476 777 quaes-

135 788 261 819 *tionem
277 788 317 819 de
337 788 455 819 summi
473 787 600 830 imperii
617 786 739 829 origine
759 785 873 819 leviter
889 791 1017 817 tantum
1033 792 1065 817 et
1082 787 1244 818 occasione
1263 787 1334 818 data
1354 789 1474 831 attigit,

142 851 277 883 eamque
299 841 334 871 in
354 840 565 872 conventione
589 839 719 882 quidem
747 839 872 870 censuit
896 850 962 869 esse
987 839 1212 881 quaerendam,
1238 851 1344 882 neque
1369 847 1474 872 tamen

142 893 225 924 hanc
239 894 428 924 sententiam
448 892 623 923 rationibus
639 892 854 931 confirmavit,
876 902 983 934 neque
1004 894 1133 923 omnino
1154 895 1372 926 conventionis
1388 895 1473 931 illius

142 947 207 977 vim
233 951 264 976 et
289 951 476 987 potestatem
505 944 670 987 explicuit.

186 998 237 1028 Ex
264 998 316 1036 iis,
347 1008 420 1039 quae
449 997 605 1028 hactenus
633 997 867 1036 enarravimus,
899 1004 1050 1040 apparet,
1081 998 1119 1028 A.
1146 998 1204 1038 H.,
1232 999 1407 1031 doctrinam
1435 1001 1474 1032 de

143 1062 267 1081 summo
288 1051 421 1092 imperio
443 1050 653 1082 conventione
674 1062 691 1080 a
716 1050 836 1092 populo
859 1051 894 1080 in
918 1051 1097 1092 principem
1118 1050 1238 1091 delato,
1264 1052 1371 1083 seculo
1392 1064 1475 1095 prae-

142 1103 249 1133 sertim
273 1102 396 1140 decimo
416 1108 504 1132 sexto
527 1107 634 1133 natam
651 1113 728 1133 esse.
750 1102 874 1133 Verum
895 1102 934 1141 ii,
959 1103 1015 1144 qui
1036 1103 1118 1133 hanc
1134 1105 1322 1135 sententiam
1344 1106 1475 1147 profite-

140 1155 273 1194 bantur,
303 1155 401 1185 nullis
427 1166 496 1186 eam
522 1156 685 1197 principiis
713 1166 731 1186 e
754 1157 877 1186 ratione
902 1155 1047 1187 deductis
1070 1156 1336 1198 comprobabant,
1365 1169 1472 1201 neque

140 1209 239 1251 magis
270 1207 481 1239 fundamento
510 1208 564 1239 illo
588 1208 657 1250 jura
692 1215 725 1241 et
753 1209 852 1240 officia
882 1211 1111 1252 imperantium
1143 1211 1328 1254 civiumque
1358 1223 1473 1255 super-

139 1260 313 1292 struebant.
332 1261 459 1292 Primus
478 1261 539 1291 hoc
555 1268 707 1303 praestare
725 1263 860 1294 tentavit
878 1264 1050 1294 acutissimi
1068 1264 1189 1306 ingenii
1211 1265 1360 1307 scriptor,
1387 1267 1474 1297 Tho-

140 1325 212 1344 mas
234 1314 393 1350 Hobbes,
419 1314 478 1356 qui
501 1315 614 1345 merito
639 1314 717 1358 juris
736 1315 857 1358 publici
877 1317 1064 1348 universalis
1087 1323 1196 1348 auctor
1217 1317 1395 1349 celebratur
1414 1319 1470 1361 (2)

139 1366 360 1409 Flagrantibus
381 1368 466 1397 enim
487 1369 520 1397 in
542 1368 654 1411 Anglia
676 1369 833 1400 intestinis
855 1376 888 1401 et
909 1369 1055 1401 civilibus
1079 1369 1193 1409 turbis,
1214 1370 1322 1412 plures
1340 1372 1473 1402 exstite-

138 1425 216 1451 runt
237 1420 313 1458 viri,
336 1420 393 1462 qui
417 1419 468 1451 vel
489 1421 598 1462 patriae
624 1433 730 1453 amore
752 1422 858 1461 ducti,
885 1422 937 1455 vel
961 1423 1101 1464 partium
1126 1422 1230 1453 studio
1251 1423 1391 1464 incensi,
1416 1431 1472 1456 aut

139 1473 232 1515 Regis
251 1479 307 1504 aut
326 1473 437 1515 populi
461 1473 529 1517 jura
552 1480 584 1505 et
601 1480 788 1517 potestatem
816 1475 1043 1514 defenderent,
1067 1475 1202 1517 ideoque
1224 1476 1264 1507 de
1289 1477 1470 1518 gravissima

140 1525 194 1556 illa
217 1525 295 1568 juris
320 1525 440 1568 publici
466 1527 639 1569 quaestione
661 1528 892 1570 disceptarent,
922 1534 1032 1559 utrum
1051 1529 1095 1558 ab
1117 1529 1263 1570 origine,
1293 1529 1359 1561 sive
1381 1530 1471 1561 initio

130 1577 289 1618 civitatis,
306 1578 465 1621 Principi,
478 1591 521 1612 ‚an
538 1580 656 1622 populo
675 1587 834 1624 competat
849 1587 984 1624 potestas
1000 1592 1159 1624 suprema.
1176 1582 1263 1612 Inter
1277 1593 1329 1613 eos
1344 1589 1469 1623 autem,

141 1631 197 1673 qui
226 1631 357 1673 Regiam
387 1631 584 1664 sustinebant
608 1636 848 1675 auctoritatem,
878 1636 1016 1667 eminuit
1040 1636 1313 1678 praestantissimus
1338 1637 1471 1679 scriptor

147 1684 288 1715 Thomas
319 1686 470 1717 Hobbes.
502 1686 616 1729 Neque
646 1699 721 1720 vero
750 1689 1017 1728 existimandum,
1046 1689 1083 1719 A.
1109 1688 1168 1727 H.,
1195 1688 1388 1720 Hobbesium
1414 1701 1471 1732 per

142 1738 397 1778 assentationem,
425 1744 481 1770 aut
505 1741 645 1782 partium
669 1743 830 1784 propriive
860 1742 1016 1774 commodi
1042 1741 1206 1781 studium,
1233 1742 1341 1785 Regiae
1366 1754 1467 1775 causae

142 1792 351 1832 patrocinium
382 1794 577 1835 suscepisse,
606 1795 661 1826 sed
692 1797 802 1838 patriae
833 1796 950 1828 ductus
977 1806 1103 1835 amore,
1136 1801 1173 1826 ut
1202 1806 1318 1837 nempe
1349 1797 1468 1828 civium

143 1843 309 1875 discordias
334 1846 572 1889 exstingueret,
602 1847 778 1880 doctrinam
802 1860 895 1880 suam
921 1847 961 1879 de
987 1849 1113 1880 civitate
1141 1853 1173 1878 et
1198 1848 1332 1890 imperio
1355 1848 1469 1880 elucu-

172 1954 216 1982 (1)
232 1956 274 1978 De
293 1956 353 1978 Jure
369 1957 440 1980 Belli
456 1965 485 1981 ac
501 1959 593 1986 Pacis,
612 1959 656 1982 lib.
675 1962 698 1982 1.
722 1968 775 1990 cap.
793 1961 816 1982 4.
832 1961 845 1989 ᾗ
867 1961 934 1983 VII.
950 1960 994 1982 lib.
1012 1961 1038 1982 Ῑ,
1052 1967 1105 1989 cap.
1123 1960 1144 1982 5.
1162 1959 1174 1989 §
1196 1960 1278 1982 VIII.
1296 1966 1345 1988 sqq.

171 1993 215 2022 (2)
232 1993 310 2022 Quam
328 1995 424 2025 quidem
438 1996 535 2020 laudem
552 1999 648 2022 Hobbes
660 1999 706 2022 sibi
720 2000 771 2030 ipse
785 2000 879 2022 tribuit.
899 2005 912 2022 e<
922 1999 1027 2029 Physica
1042 2007 1078 2021 res
1089 1999 1184 2022 novitia
1199 2003 1246 2027 est,
1259 1998 1300 2020 sed
1314 1997 1469 2028 philosophia

144 2040 156 2052 2
171 2032 251 2056 civilis
268 2034 344 2057 multo
365 2035 443 2059 adhuc
460 2037 547 2067 magiS,
563 2043 589 2061 ut
602 2046 654 2069 quae
672 2039 796 2070 antiquior
811 2047 862 2062 nou
878 2043 913 2062 est
929 2039 1005 2069 libro,
1023 2046 1093 2069 quem
1111 2038 1139 2061 de
1156 2039 1214 2061 Cive
1231 2038 1338 2067 scripsi.¹⁷
