1747 2620
875 243 886 284 (
912 241 953 282 1²14
978 242 990 284 )

312 322 414 365 Ipsius
430 319 548 362 negotii
565 318 688 361 pondus
703 323 735 348 et
751 322 949 348 momentum
966 326 1075 347 omnes
1090 315 1230 345 forenses
1246 313 1384 344 medicos
1401 312 1544 352 induxit,
1564 320 1601 345 ut

258 374 440 419 ‘quamdam
457 371 726 403 classificationem
742 370 963 409 instituerent,
979 381 1015 400 ex
1029 368 1091 411 quai
1105 378 1218 398 eruere
1234 373 1360 409 possent
1372 368 1471 399 varios
1484 367 1601 399 vulne-

267 441 341 461 rum
368 426 552 459 lethalitatis
574 425 690 468 gradus
711 430 743 455 et
767 424 900 466 proinde
921 424 1109 465 gravitatem
1132 421 1251 452 delicti.
1278 421 1313 451 In
1339 420 1392 452 ill-5
1415 421 1601 453 stabilienda

268 482 504 515 classificatione
520 486 646 511 tantum
662 478 853 509 dissentiunt
868 482 1028 515 auctores⁷
1046 482 1083 507 ut
1098 475 1166 506 sere
1182 481 1228 506 tot
1243 475 1494 506 classificationes
1509 476 1602 508 inve-

268 538 400 568 niantur
416 541 494 578 quot
519 534 696 576 scriptores.
728 531 775 562 Ab
795 531 1020 572 Hippocratis
1044 530 1130 560 enim
1159 535 1302 572 tempore
1324 529 1361 560 ad
1386 529 1474 560 hunc
1500 540 1605 572 usque

268 591 369 630 diem,
392 600 472 620 nova
489 598 613 630 semper
629 590 795 630 systemata
814 584 1017 627 prodierunt,
1033 589 1065 614 et
1080 583 1167 614 tanta
1182 583 1271 626 copia
1287 583 1480 622 obveniunt,
1497 589 1534 615 ut
1551 584 1604 614 vix

267 645 425 688 possimus
446 643 479 673 in
504 641 590 673 tanta
608 652 716 672 rerum
734 637 928 670 abundantia
955 637 1073 679 eligere
1088 637 1167 679 quid
1182 638 1366 669 conveniat:
1385 637 1479 668 hodie
1495 643 1604 668 tamen

268 700 353 730 inter
379 697 443 729 duo
472 702 598 727 tantum
619 699 787 738 systemata
811 692 1003 723 dissentiunt
1027 696 1182 721 auctores.
1218 690 1317 721 Missis
1343 690 1434 721 sactis
1457 690 1605 721 omuibus

270 752 355 791 aliis,
372 751 411 782 de
426 751 508 782 binis
523 747 813 781 classificationibus
823 757 910 777 nunc
926 745 1183 787 acceptatissimis
1196 744 1329 776 verbum
1342 756 1413 775 sum
1426 744 1602 775 additurus.

314 805 409 837 Multi
427 810 503 835 sunt
523 809 668 835 auctores
685 802 741 844 qui
756 800 891 833 vulnera
908 798 1092 841 dispescunt
1108 799 1140 829 in
1157 798 1327 835 absolute,
1346 798 1379 829 in
1392 810 1458 839 per
1470 810 1506 829 se
1523 804 1556 829 et
1570 798 1604 829 in

263 871 329 902 per
343 858 497 890 accidens
513 856 660 895 lethalizr,
674 855 727 886 alii
739 860 846 885 autem
856 853 946 883 binas
959 858 1084 883 tantum
1096 852 1268 884 vulnerum
1283 853 1402 895 species
1414 852 1605 891 admittunt,

270 925 306 945 ea
321 913 510 944 necessario
526 910 646 941 scilicet
660 915 765 950 etpor
778 907 933 938 accidens
950 905 1091 936 lethalia.
1108 905 1245 936 Nomine
1262 906 1434 938 vulnerum
1452 906 1608 936 absolute

270 966 439 998 lethalium
468 976 503 996 ea
532 964 720 1007 designant,
744 973 836 1005 quae,
868 961 1026 991 incassum
1052 959 1201 990 adhibitis
1225 958 1374 990 omnibus
1398 959 1547 990 remediis
1575 965 1608 989 et

271 1020 420 1052 omnibus
441 1018 590 1058 cautelis,
613 1023 749 1049 mortem
769 1014 859 1046 nullo
879 1013 973 1045 modo
993 1012 1163 1045 arcendam
1190 1013 1224 1043 in
1247 1023 1453 1055 quocumque
1477 1012 1608 1043 homine

271 1074 468 1119 producunt.
489 1071 634 1103 Vulnera
650 1082 717 1112 per
734 1081 770 1101 se
790 1067 919 1100 lethalia
941 1078 977 1098 ea
996 1073 1088 1106 sunt,
1110 1078 1183 1110 quae
1203 1077 1261 1109 per
1281 1077 1330 1107 se,
1352 1066 1449 1097 nullis
1468 1066 1536 1097 aliis
1553 1078 1608 1097 ac-

272 1127 461 1161 cedentibus
488 1126 610 1165 causis,
636 1130 772 1156 mortem
795 1121 974 1166 producere
996 1127 1144 1163 possunt,
1171 1126 1311 1151 attamen
1335 1131 1409 1163 quae
1437 1119 1609 1162 aliquando

273 1183 356 1225 aptis
373 1180 522 1212 remediis
539 1178 660 1210 cedunt
676 1184 709 1209 et
723 1177 894 1208 sanationis
910 1187 999 1218 spem
1014 1175 1199 1206 admittunt.
1216 1173 1361 1205 Vulnera
1373 1186 1439 1214 per
1453 1174 1608 1205 accidens

272 1235 424 1273 lethalia,
450 1245 486 1265 ea
508 1238 605 1272 sunt,
628 1243 700 1274 quae
723 1231 849 1262 lethum
876 1235 1051 1272 provocant
1074 1239 1139 1258 non
1164 1238 1221 1270 per
1242 1238 1295 1266 se,
1322 1226 1376 1257 sed
1399 1237 1438 1257 ex
1461 1237 1498 1257 eo
1523 1226 1611 1269 quod

274 1288 420 1321 accidens
438 1286 685 1331 quodcumque,
706 1284 759 1317 vel
779 1285 813 1315 in
829 1284 968 1315 sauciato
988 1281 1218 1315 inveniendum
1231 1304 1239 1320 ,
1264 1280 1317 1312 vel
1333 1280 1366 1310 in
1388 1280 1482 1311 rehus
1502 1286 1612 1311 exter-

273 1344 323 1375 nis
344 1341 573 1386 quaerendum,
594 1339 722 1371 vulneri
741 1337 907 1369 accesserit
925 1343 957 1368 et
976 1341 1111 1367 mortem
1130 1334 1408 1372 determinaverit,
1428 1345 1524 1376 quam
1544 1345 1610 1364 non

274 1396 476 1441 produxisset
511 1395 546 1426 in
575 1393 644 1425 aliis
674 1391 859 1425 hominibus
889 1388 1153 1423 benevalentibus
1179 1394 1212 1420 et
1241 1389 1343 1419 causis
1377 1388 1463 1419 hisce
1489 1388 1611 1420 nocivis

263 1450 364 1483 ,haud
391 1449 546 1481 obnoxiis.

320 1505 387 1544 Qui
414 1504 621 1547 posteriorem
644 1501 885 1545 amplectuntur
907 1499 1177 1531 classificationem
1203 1496 1371 1529 admittere
1396 1495 1512 1526 nolunt
1535 1495 1612 1527 vul-

274 1569 352 1590 nera
365 1569 431 1599 per
443 1569 479 1588 se
497 1556 643 1595 lethalia,
661 1556 752 1586 aiunt
768 1556 853 1586 enim
869 1553 1003 1585 vulnera
1019 1553 1124 1583 omnia
1140 1561 1223 1590 esse,
1241 1549 1292 1581 vel
1310 1549 1465 1579 absolute
1482 1548 1613 1580 lethalia

276 1612 329 1646 vel
341 1623 407 1654 per
422 1611 575 1642 accidens
592 1610 666 1641 talia
679 1615 712 1641 et
726 1606 955 1640 intermedium
972 1606 1100 1638 nullum
1117 1605 1202 1644 dari3
1218 1615 1292 1634 nam
1309 1602 1423 1635 volunt
1440 1603 1611 1642 sauciatos,

278 1666 334 1710 qui
354 1666 522 1708 perierunt
550 1663 667 1707 procul
688 1662 727 1694 ab
752 1663 839 1693 omni
865 1660 1064 1692 medicorum
1090 1658 1231 1697 auxilio,
1261 1668 1319 1700 per
1346 1656 1612 1687 infaustissimum

278 1718 440 1757 accidens,
462 1718 674 1761 privationem
697 1715 818 1747 scilicet
840 1713 989 1753 medelae,
1015 1713 1137 1744 obiisse.
1163 1712 1220 1745 Illa
1242 1710 1353 1754 regula
1371 1710 1408 1740 in
1426 1709 1520 1740 certis
1537 1709 1613 1752 qui-

279 1772 352 1804 dem
375 1771 622 1804 circumstantiis
645 1781 720 1803 vera
741 1775 805 1809 est,
826 1768 880 1800 sed
900 1768 1032 1799 minime
1055 1765 1211 1810 generalis
1236 1764 1299 1796 dici
1324 1769 1481 1801 meretur3
1508 1768 1613 1805 potest

278 1825 368 1859 verbi
389 1824 482 1857 causa
505 1824 657 1868 applicari
678 1824 712 1854 iu
732 1834 806 1854 casu
828 1821 885 1854 ubi
904 1821 1060 1860 latrones,
1082 1820 1133 1852 vel
1152 1819 1256 1850 sicari1
1283 1817 1420 1848 hominis
1445 1815 1612 1859 cujusdam

277 1891 394 1913 venam
414 1878 607 1911 brachialem
627 1882 826 1920 aperuerunt
845 1882 878 1907 et
898 1875 1078 1907 sauciatum
1096 1874 1138 1904 ita
1160 1872 1264 1904 arbori
1291 1871 1477 1913 alligarunt,
1499 1875 1536 1901 ut
1553 1870 1615 1912 ipsi

279 1932 472 1978 impossibile
486 1933 526 1963 sit
541 1932 593 1965 vel
609 1931 727 1965 vulnus
741 1930 891 1962 obturare
907 1929 959 1962 vel
973 1928 1130 1960 auxilium
1146 1932 1271 1970 petere3
1289 1924 1525 1956 infelicissimus
1540 1922 1612 1962 ille,

280 1987 451 2019 destitutus
466 1985 505 2017 ab
520 1987 607 2017 omni
626 1984 766 2025 medela,
783 1984 1010 2015 infaustissimo
1025 1987 1112 2014 certe
1126 1980 1289 2012 accidente
1305 1990 1369 2011 non
1385 1989 1460 2010 vero
1477 1976 1612 2009 vulnere

280 2054 337 2075 suo
359 2041 493 2086 peribit,
519 2040 601 2072 nihil
625 2045 733 2072 autem
758 2038 876 2077 lethale
899 2048 989 2072 venae
1014 2035 1112 2082 hujus
1132 2035 1228 2067 sectio
1248 2032 1356 2066 habet.
1384 2033 1426 2064 At
1447 2030 1612 2064 videamus
