1747 2620
718 273 840 316 ’(5)

135 371 261 390 morum
289 360 539 391 immortalitate
567 359 734 402 dogmatis
761 360 922 397 historia,
959 372 1061 403 quam
1088 364 1222 405 quidem
1253 365 1329 405 ipsa
1350 366 1467 407 philo-

134 423 311 464 sophorum
336 430 534 466 argumenta
556 429 660 466 atque
680 424 940 465 argumentandi
967 437 1092 468 genera
1119 428 1375 469 quoerebantur:
1396 429 1466 459 lzoec

136 487 212 527 ipsa
241 487 355 517 ordine
378 487 523 529 quodam
543 498 704 528 exponere
731 494 763 519 et
786 489 820 518 in
846 499 980 531 quoque
998 502 1119 533 genere
1138 492 1377 533 philosophos,
1406 494 1466 535 qui

135 549 301 590 ejusmodi
322 552 644 593 argumentationem
668 552 910 590 adhibuerunt,
937 554 1080 584 breviter
1099 554 1247 585 indicare
1271 556 1464 586 maluimus.

135 613 190 643 Sic
214 624 325 644 omnes
358 614 428 644 illoe
455 614 669 657 difficultates
699 617 805 646 simul
828 617 1049 654 tollebantur,
1081 623 1115 648 et
1143 625 1217 648 cum
1244 619 1467 660 philosopho-

133 686 224 712 rum,
263 676 324 717 qui
354 677 538 707 animorum
577 677 861 708 immortalitatem
888 678 1106 721 defenderunt
1115 703 1127 716 ,
1164 693 1319 711 numerus
1348 683 1465 724 ingens

122 737 236 780 suerit
269 739 408 781 ideoque
437 752 549 771 eorum
577 742 712 772 nomina
745 743 857 773 omnia
889 745 1051 774 recenseri
1084 745 1142 775 vix
1173 752 1316 786 possent
1325 759 1338 784 ,-
1378 758 1465 776 nuno

133 802 267 843 quidem
290 814 330 833 ea
354 799 559 840 omittentes,
586 805 680 845 ipsas
703 810 772 835 tam
799 811 944 837 veterum
970 819 1072 849 quam
1098 810 1315 840 recentiorum
1335 810 1465 850 proba-

132 864 237 895 tiones
263 867 490 907 exposuimus.
529 867 607 906 Qua
631 868 666 898 in
693 879 726 898 re
754 874 864 899 tamen
886 870 1034 901 ordinem
1060 872 1237 914 quemdam
1263 873 1465 904 servandum

131 938 205 958 esse
230 929 317 965 rati,
349 940 424 959 eum
448 930 630 971 elegimus,
673 942 772 972 quem
797 933 831 963 in
858 932 1089 974 dijudicandis
1117 937 1220 967 etiam
1243 937 1335 968 hisce
1359 938 1465 968 ratio-

131 990 231 1020 nibus
254 991 392 1021 retinere
407 1002 605 1032 possemus,
638 999 672 1024 et
695 1006 772 1036 quoe
795 995 946 1037 ejusdem
960 996 1036 1039 fere
1060 1005 1172 1030 essent
1192 1000 1318 1031 valoris
1346 1006 1380 1031 et
1400 1011 1463 1042 ge·-

131 1053 236 1089 neris,
265 1053 510 1094 conjunximus.
548 1055 593 1085 In
622 1056 666 1086 iis
691 1058 798 1099 igitur
823 1060 1027 1100 exponendis
1063 1068 1218 1093 vers-atur
1235 1074 1321 1104 pars
1346 1064 1459 1104 prior,

123 1116 292 1155 posterior
314 1116 502 1146 earumdem
522 1116 797 1158 disceptationem
821 1121 890 1151 sihi
911 1122 1083 1153 vindicat:
1110 1124 1145 1154 in
1169 1136 1239 1166 qua
1258 1136 1333 1156 vero
1359 1131 1462 1167 quum

127 1188 192 1207 non
216 1184 436 1219 quaereretur,
463 1185 573 1210 utrum
597 1181 731 1211 animus
752 1188 834 1223 post
854 1190 989 1215 mortem
1011 1192 1181 1227 superstes
1209 1193 1316 1225 esset,
1348 1185 1462 1218 verum

127 1250 172 1270 an
200 1246 290 1271 esset
315 1241 538 1280 immortalis,
577 1245 709 1276 omnino
740 1247 977 1279 attendendum
1006 1256 1079 1280 erat
1112 1250 1160 1281 ad
1193 1251 1460 1282 immortalitatis

125 1304 301 1335 notionem.
333 1305 628 1339 Immortalitatem
649 1315 761 1340 autem
785 1310 930 1342 dicimus
953 1324 1027 1344 eam
1049 1314 1173 1350 animi,
1200 1326 1223 1344 a
1250 1325 1382 1356 corpore
1403 1326 1459 1346 se-

118 1368 256 1408 parati,
284 1368 525 1407 conditionem,
557 1371 592 1401 in
619 1383 688 1414 qua
712 1374 768 1404 sui
799 1376 952 1406 conscius
977 1382 1030 1407 est
1053 1382 1087 1407 et
1111 1378 1147 1407 in
1170 1383 1329 1408 oeternum
1359 1389 1460 1420 agere

118 1432 243 1473 pergit.
289 1431 374 1471 Quoe
401 1432 553 1474 definitio
585 1435 618 1465 si
648 1447 733 1477 quos
760 1437 835 1468 ideo
862 1437 1024 1481 ffndit,
1060 1440 1153 1482 quod
1173 1447 1374 1482 perpetuam
1402 1442 1458 1472 sui

125 1494 235 1534 ipsius
253 1484 493 1526 conscientiam
514 1502 548 1527 et
558 1508 738 1538 personam
758 1499 794 1530 in
811 1505 971 1532 oeternum
994 1508 1148 1544 agentem
1159 1504 1283 1544 ponit,
1308 1503 1458 1546 adeoque

125 1558 336 1598 arrogantior
367 1559 515 1597 videtur,
550 1572 653 1603 quam
683 1573 750 1603 pro
784 1568 916 1594 naturoe
953 1564 1110 1596 liumanae
1149 1566 1381 1597 imbecillitate
1411 1567 1459 1597 sit

124 1620 274 1659 licitum,·
298 1621 335 1651 lzi
356 1621 462 1664 igitur
485 1623 640 1661 videant,
674 1637 720 1656 an
746 1626 906 1666 majorem
929 1629 1035 1670 spiret
1060 1629 1277 1667 modestiam,
1305 1630 1337 1660 si
1361 1629 1455 1673 ejus-

123 1683 212 1715 modi
231 1685 517 1718 immortalitatem
537 1688 606 1719 sibi
629 1696 790 1730 exposcat
812 1691 926 1729 lzomo,
953 1703 1024 1734 qua
1041 1698 1126 1734 post
1150 1694 1297 1734 corporis
1318 1699 1454 1724 mortem

123 1747 158 1777 in
185 1749 356 1779 Animam
381 1750 529 1788 Mundi,
559 1758 598 1782 ut
624 1752 741 1795 ajunt,
771 1755 891 1785 reverti
915 1755 972 1786 vel
995 1756 1030 1786 in
1060 1756 1171 1797 ipsam
1202 1756 1450 1794 Divinitatem,

122 1809 207 1841 unde
222 1810 396 1852 profectus
420 1814 488 1850 sit,
517 1814 623 1846 redire
644 1814 787 1858 ejusque
803 1817 1013 1858 particulam
1035 1819 1159 1862 efficere
1183 1820 1383 1850 censeatur!

168 1874 262 1914 Quos
292 1876 327 1906 in
356 1877 594 1910 conscribenda
621 1879 686 1910 hae
715 1883 990 1913 commentatione
1020 1883 1242 1913 consuluerim
1271 1884 1450 1925 scriptores

119 1938 154 1968 in
195 1939 303 1976 notis,
346 1946 509 1982 quantum
540 1942 625 1985 fieri
657 1951 776 1986 posset
789 1967 802 1983 ‚
845 1945 1100 1976 accuratissime
1134 1945 1285 1978 indicare
1318 1948 1447 1978 studui.

117 2001 269 2032 Habetis
303 2003 409 2045 igitur
439 2015 514 2041 vos,
558 2005 645 2036 Viri
677 2007 893 2038 Clarissimi!
926 2008 1014 2039 hanc
1042 2020 1149 2040 meam
1180 2011 1448 2052 qualemcunque

116 2064 350 2105 scriptionem,
380 2076 450 2107 qua
462 2077 528 2108 pro
549 2068 677 2100 viribus
698 2071 746 2102 acl
763 2072 1029 2114 gravissimam,
1055 2084 1107 2104 me
1117 2072 1260 2116 judice,
1283 2074 1446 2116 quaestio-
