1747 2620
900 231 1013 274 (50)

290 305 534 349 aggrediantur3
556 317 681 349 semper
701 305 834 337 lethales
854 311 930 337 sunt
952 306 976 337 si
997 306 1030 337 in
1050 308 1180 350 regione
1203 308 1350 341 cervicali
1371 309 1531 343 columnae
1549 322 1623 344 ver-

289 359 415 392 tebralis
439 359 616 393 obveniunt
637 359 694 402 (1).

332 424 460 467 Organa
481 424 632 455 Thoracis
651 435 728 455 cavo
747 429 913 463 contenta,
936 429 1000 454 tam
1021 425 1137 456 intimo
1154 436 1240 457 nexu
1260 428 1344 458 inter
1364 438 1397 458 se
1418 426 1626 471 conjungun-

288 484 358 518 tur,
380 484 445 509 tam
466 477 592 508 sibimet
608 477 712 509 vicina
732 483 823 517 sunt,
846 483 884 508 ut
904 478 957 509 vix
979 478 1125 520 possibile
1146 479 1199 518 sit,
1222 486 1259 511 ut
1278 481 1530 513 instrumentum
1550 482 1626 514 vul-

286 543 402 563 nerans
423 537 455 562 et
474 531 508 561 in
529 531 628 573 ipsius
644 531 813 562 cavitatem
834 536 1006 573 penetrans
1028 534 1161 564 unicum
1181 540 1213 565 et
1229 535 1331 566 solum
1351 535 1450 580 hujus
1469 547 1625 579 organum

288 586 392 618 laedat.
422 585 483 616 Cor
503 585 624 616 scilicet
645 586 743 616 secari
765 586 879 628 nequit
899 586 978 628 quin
1000 587 1209 619 essentialiter
1230 589 1445 631 peric-ardium
1468 596 1501 621 et
1529 589 1627 632 vulgo

288 640 412 670 arteriae
437 638 591 671 cardiacae
612 639 813 679 saucientur3
838 639 902 670 imo
924 641 977 671 vix
1001 641 1041 672 ad
1063 653 1117 673 cor
1137 643 1308 685 pervenire
1328 643 1419 683 licet,
1444 644 1524 687 quin
1549 644 1626 687 pul-

287 704 397 724 mones
420 693 649 736 perforentur;
682 700 715 725 et
739 693 772 724 hi
796 693 927 736 quidem
954 695 1068 738 attingi
1094 703 1281 739 nequeunt,
1313 697 1374 728 nisi
1400 699 1490 740 prius
1518 698 1627 740 aperta

287 747 411 791 pleura.
435 747 523 786 Quid
540 747 643 779 dicam
659 747 699 778 de
716 747 817 779 ductu
832 748 1020 789 Thoracico‚
1041 750 1080 781 de
1096 751 1283 795 oesophago,
1301 751 1341 783 de
1356 752 1463 784 nervis
1479 758 1512 783 et
1526 751 1627 784 vasis?

287 808 354 833 tam
374 801 536 845 profunde
557 803 616 833 sita
640 808 735 841 sunt,
764 808 829 833 tam
852 803 1066 835 inextricabili
1090 815 1179 836 nexu
1200 806 1340 838 invicem
1364 805 1564 850 junguntur,
1589 811 1628 837 ut

287 856 433 899 proferre
453 856 627 898 nequidem
645 856 807 896 dubitem,
824 858 1018 900 impossibile
1039 860 1170 890 omnino
1190 871 1256 891 esse
1276 860 1330 891 illa
1349 871 1465 904 organa
1483 859 1629 903 singula-

288 910 347 940 tim
370 921 459 952 posse
481 909 564 940 laedi.
592 910 724 953 Semper
749 911 836 942 enim
858 911 918 942 sub
940 913 1037 943 unius
1064 913 1185 945 aliusve
1209 914 1363 953 vulnere,
1391 915 1489 946 vicini
1516 914 1627 957 organi

288 963 373 994 laesio
395 962 518 994 accedit
541 969 574 994 et
598 975 656 1006 per
676 975 708 995 se
730 964 816 995 enim
838 970 941 1007 patet,
970 965 1125 1008 null-sique
1145 966 1415 998 demonstratione
1435 978 1568 1009 egemus
1591 973 1628 998 ut

288 1023 482 1049 statuamus:
499 1028 537 1049 eo
551 1018 777 1060 periculosiora
793 1018 923 1050 vulnera
936 1029 1018 1058 esse,
1031 1030 1133 1062 eoque
1145 1021 1263 1052 certius
1279 1027 1414 1052 mortem
1431 1021 1627 1064 producere,

288 1082 352 1114 quo
377 1071 486 1114 plures
509 1071 745 1115 nobilioresque
765 1078 870 1115 partes
891 1073 1046 1104 saucient.

334 1136 444 1166 Liceat
463 1135 543 1167 mihi
565 1135 701 1168 verbum
724 1136 853 1180 aliquod
875 1136 990 1168 addere
1011 1137 1050 1168 de
1071 1138 1298 1180 experimentis
1323 1139 1356 1169 in
1379 1139 1523 1170 Thorace
1543 1139 1628 1171 vivi-

289 1195 449 1220 sectorum
488 1190 702 1221 animantium
746 1191 899 1222 institutis
919 1203 924 1221 :
965 1192 1018 1224 vix
1059 1204 1227 1235 possumus
1264 1193 1298 1223 in
1336 1199 1441 1235 partes
1479 1193 1631 1224 Thoracis

290 1249 455 1274 contentas
479 1244 739 1286 experimentum
769 1244 898 1287 aliquod
927 1245 1113 1285 instituere3
1143 1247 1288 1288 protinus
1314 1247 1401 1277 euim
1427 1258 1462 1278 ac
1484 1253 1629 1277 sternum

292 1297 455 1337 aufertur,
477 1299 531 1328 ae'r
551 1303 703 1328 externus
725 1309 783 1340 per
804 1309 984 1330 concessam
1006 1305 1190 1342 aperturam
1210 1301 1382 1342 irrumpit,
1405 1301 1438 1331 in
1463 1300 1633 1343 pulmones

290 1352 410 1394 premit
436 1357 469 1382 et
496 1351 681 1383 brevissimo
706 1353 859 1395 temporis
882 1353 982 1396 spatio
1010 1353 1093 1395 perit
1125 1352 1260 1384 animal:
1294 1353 1459 1395 respiratio
1485 1353 1572 1384 enim
1598 1353 1634 1383 fit

291 1405 493 1446 difficillima,
515 1405 663 1437 omnibus
683 1407 747 1438 suis
766 1406 895 1438 nixibus
915 1413 948 1438 et
967 1407 1088 1439 viribus
1106 1409 1210 1439 utitur
1229 1413 1267 1439 ut
1281 1407 1429 1449 spiritum
1447 1407 1560 1446 ducat,
1579 1407 1634 1438 sed

288 1460 466 1491 incassum:
496 1460 578 1490 actio
598 1460 819 1492 musculorum
842 1461 1090 1493 Thoracicorum
1114 1461 1289 1492 annihilata
1311 1466 1374 1500 est,
1405 1463 1458 1492 ae'r
1480 1467 1633 1493 externus

289 1514 322 1544 in
344 1513 551 1556 pulmonibus
570 1526 735 1557 premens,
757 1514 892 1557 impedit
913 1515 1086 1557 quominus
1102 1515 1148 1546 illi
1165 1515 1356 1554 dilatentur,
1380 1520 1479 1545 cessat
1498 1514 1631 1546 demum

288 1569 454 1610 respiratio
484 1575 516 1599 et
542 1580 625 1600 mors
656 1569 754 1600 adest.
786 1569 848 1599 Cor
877 1568 983 1599 adhuc
1009 1580 1118 1601 revera
1146 1580 1204 1611 per
1224 1570 1297 1599 satis
1320 1568 1453 1611 longum
1477 1570 1629 1612 temporis

291 1622 431 1664 spatium
455 1622 560 1664 pulsat
579 1628 612 1653 et
633 1623 851 1662 contrahitur,
878 1622 933 1653 sed
954 1634 1026 1653 mox
1048 1622 1117 1666 ejus
1138 1623 1201 1654 vita
1223 1622 1305 1661 abit;
1330 1622 1412 1653 nihil
1432 1622 1500 1653 fere
1523 1628 1632 1665 aperto

293 1676 437 1706 Thorace
462 1676 628 1708 observare
648 1688 816 1719 possumus
838 1677 989 1719 quoniam
1014 1677 1077 1709 vita
1103 1677 1248 1719 protinus
1271 1676 1427 1708 sufflatur.
1461 1677 1634 1707 Possumus

295 1729 446 1772 equidem
476 1729 560 1760 hanc
591 1741 648 1772 per
670 1730 799 1773 aliquod
826 1737 953 1773 tempus
984 1730 1190 1762 artificialiter
1215 1730 1413 1773 producere,
1441 1730 1466 1760 si
1493 1740 1632 1773 nempe,

295 1783 379 1814 secta
396 1783 523 1814 trachea
539 1783 671 1823 arteria,
692 1785 724 1815 in
740 1784 809 1828 ejus
824 1786 996 1816 sectionem
1014 1785 1250 1816 introducimus
1269 1783 1351 1814 follis
1369 1783 1521 1815 tubulum
1542 1790 1574 1815 et
1590 1785 1633 1815 sic

296 1837 466 1880 pulmones
481 1837 688 1869 insufflamus.
705 1838 766 1869 Sed
782 1838 859 1882 quid
875 1838 935 1869 haic
948 1845 1015 1870 arte
1031 1851 1088 1881 pro
1104 1844 1210 1869 nostro
1225 1849 1319 1881 scopo
1334 1838 1413 1869 utile
1429 1849 1543 1870 eruere
1560 1850 1635 1881 pos-

296 1890 430 1922 sumus?
451 1892 566 1922 Omnia
588 1892 621 1922 in
642 1893 797 1923 animanti
817 1898 892 1923 sunt
909 1892 1083 1923 disturbata
1104 1898 1137 1923 et
1153 1892 1328 1923 abnormia.
1355 1892 1502 1925 Alterum
1523 1903 1633 1924 revera

298 1945 406 1976 existit
425 1946 568 1978 medium
584 1951 621 1977 ut
641 1946 860 1989 experimenta
875 1947 1097 1979 instituamus:
1114 1947 1140 1978 si
1154 1947 1289 1988 scilicet,
1309 1948 1453 1990 inaperto
1474 1947 1633 1985 Thorace,

357 2059 404 2088 (ι)
421 2059 539 2083 Videatur
557 2060 629 2090 paulo
647 2060 713 2083 iufra
731 2060 773 2083 ubi
790 2068 867 2084 sermo
884 2061 929 2085 erit
947 2061 976 2085 de
991 2062 1110 2085 columnae
1125 2061 1266 2086 vertebralis
1282 2061 1434 2086 vulneribus.
