1747 2620
742 251 754 295 (
776 252 817 293 43
842 252 854 295 )

123 322 185 354 Sed
218 324 291 354 satis
318 322 381 368 jam
410 323 530 367 liquet,
556 323 643 355 illam
670 322 709 355 de
740 324 923 357 animorum
947 326 1187 361 immortalitate
1214 341 1279 362 nou
1309 343 1374 366 esse
1400 341 1464 367 tam

124 388 330 409 communem
354 383 386 408 et
407 377 638 418 universalem,
658 389 756 421 quam
777 379 910 422 quidem
930 381 1080 413 nonnulli
1103 383 1286 426 perhibent.

169 431 211 462 At
232 441 306 463 vero
332 431 457 462 etiamsi
477 431 688 472 concedatur,
713 432 814 473 hanc,
841 435 874 465 in
901 436 1100 478 agnoscenda
1123 439 1305 471 animorum
1331 441 1466 475 immor-

124 484 261 525 talitate,
286 485 526 516 consensionem
551 485 650 517 fuisse
674 486 907 528 universalem,
933 489 1009 521 inde
1033 490 1177 523 nondum
1203 494 1294 537 sequi
1317 495 1464 537 videtur,

122 538 184 570 hoc
202 550 269 570 esse
291 545 416 570 certum
440 539 582 572 veritatis
609 542 840 573 testimonium.
869 542 958 575 Nova
984 545 1131 588 quaedam
1157 548 1259 579 oritur
1284 549 1464 583 difficultas.

122 594 207 625 Fieri
228 593 315 625 enim
335 599 455 636 potest,
480 600 518 626 ut
542 595 576 625 in
598 606 705 626 errore
729 595 837 639 aliquo
862 597 975 639 multi,
998 610 1056 642 per
1077 600 1210 644 longum
1234 608 1362 646 tempus
1387 617 1466 637 con-

121 648 277 688 sentiant,
299 658 407 691 neque
422 654 531 680 tamen
551 649 627 680 inde
648 649 804 694 ejusmodi
824 653 982 694 opinionis
1000 654 1115 686 veritas
1134 656 1239 700 colligi
1261 665 1375 700 potest.
1400 661 1464 702 Ita,

121 702 268 746 quamvis
291 714 309 734 e
328 704 493 735 communi
512 703 683 735 hominum
699 706 856 736 sententia
877 706 1013 747 colores,
1035 719 1115 751 quos
1132 710 1233 741 varios
1248 709 1463 755 percipimus,

120 757 155 788 in
184 757 259 800 ipsis
289 757 475 801 corporibus
502 757 661 789 inhaerere
690 764 867 801 putentur,
898 766 1006 792 tamen
1031 762 1107 793 inde
1136 772 1365 807 argumentum
1398 771 1465 811 peti

120 810 253 853 nequit,
277 821 342 854 quo
362 811 535 854 probetur,
563 811 597 842 id
622 822 734 843 revera
755 812 798 843 ita
825 824 892 845 sese
921 813 1060 856 habere,
1089 817 1175 849 idem
1201 830 1331 863 quoque
1359 825 1466 854 mani—-

121 864 241 896 festum
260 870 308 896 est
327 865 361 896 in
384 865 591 909 polythe‘l'smi
610 877 734 907 errore,
751 867 807 910 qui
828 873 874 899 tot
889 869 1039 912 gentibus
1059 871 1134 904 olim
1155 873 1221 904 fuit
1241 880 1273 906 et
1286 876 1465 910 etiamnum

120 924 168 950 est
186 920 367 951 communis
385 919 442 962 (1).
474 920 625 963 Denique
653 920 714 951 hac
735 922 831 952 etiam
859 922 1046 955 difficultate
1074 927 1233 968 premitur
1257 928 1339 961 illud
1366 943 1466 975 argu-

120 978 287 1012 mentum,
317 973 404 1014 quod
425 984 500 1004 cum
525 974 560 1004 in
581 984 616 1005 re
636 974 780 1006 sensibus
801 987 867 1007 non
890 978 1116 1021 percipienda,
1142 980 1282 1014 historiae
1302 984 1387 1016 viam
1413 997 1465 1018 se-

122 1031 257 1068 quatur,
279 1025 319 1057 ab
339 1026 508 1059 evidentiae
528 1028 678 1059 firmitate
698 1028 825 1071 longius
845 1031 886 1061 sit
903 1037 1076 1063 remotum.
1100 1032 1169 1065 Hoc
1189 1035 1289 1078 igitur
1308 1037 1343 1068 in
1365 1050 1465 1082 argu-

120 1084 251 1118 mento,
282 1090 357 1110 cum
388 1080 452 1110 sola
483 1081 656 1112 testimonii
688 1083 879 1115 auctoritate
906 1086 1051 1126 nitatur,
1079 1098 1137 1130 per
1163 1100 1196 1120 se
1222 1101 1288 1121 non
1314 1092 1399 1124 valet
1424 1095 1464 1127 ad

119 1132 287 1163 veritatem
305 1131 596 1166 demonstrandam.
618 1135 717 1167 Recte
731 1136 813 1168 dixit
833 1137 962 1170 Cicero:
980 1140 1161 1185 philosophi
1180 1154 1245 1174 non
1261 1151 1308 1176 est
1329 1147 1463 1181 testibus

116 1185 183 1225 uti3
205 1185 261 1217 sed
289 1188 487 1229 argumentis
514 1199 590 1220 eum
614 1195 647 1220 et
670 1190 847 1223 rationibus
871 1199 1013 1236 oportet,
1044 1206 1144 1238 quare
1169 1197 1314 1241 quidque
1334 1201 1377 1232 ita
1405 1203 1461 1243 sit,

116 1238 231 1271 docere
249 1239 308 1282 (2)
333 1241 457 1281 Quodsi
476 1241 529 1273 hic
551 1243 778 1285 contendatur,
802 1245 886 1278 hanc
906 1249 1098 1280 sententiam
1119 1249 1159 1281 ab
1179 1251 1247 1294 ipso
1264 1252 1333 1284 Deo
1354 1254 1463 1287 homi-

115 1292 212 1325 nibus
237 1304 304 1325 esse
329 1294 465 1326 inditam
491 1302 589 1339 atque
619 1302 726 1340 postea
752 1309 769 1329 a
794 1300 925 1332 natione
952 1302 993 1333 ad
1016 1303 1179 1335 nationem
1201 1305 1371 1340 traditione
1395 1321 1461 1342 esse

115 1353 340 1390 propagatam,
363 1349 686 1383 animadvertendum
703 1358 769 1392 est,
794 1355 917 1386 etiamsi
937 1356 999 1388 hoc
1017 1358 1086 1389 fieri
1107 1370 1196 1401 posse
1216 1371 1280 1391 non
1301 1370 1459 1406 negetur,

114 1407 223 1433 tamen
244 1404 427 1446 argumenti
446 1403 618 1437 efficaciam
642 1406 702 1438 hac
723 1409 918 1441 assumtione
940 1412 1073 1443 minime
1094 1414 1222 1456 augeri,
1246 1417 1399 1458 quoniam
1419 1429 1460 1450 ex

115 1456 307 1499 Logicorum
329 1459 513 1501 praeceptiS,
549 1461 767 1494 testimonium
792 1463 958 1506 divinum,
989 1467 1050 1498 nisi
1074 1468 1099 1499 si
1122 1470 1307 1511 proximum
1337 1472 1458 1514 fuerit,

113 1508 217 1542 eidem
238 1509 359 1555 judicio
379 1511 561 1556 subjectum
580 1520 627 1545 est
642 1521 739 1559 atque
754 1516 936 1551 humanum
951 1519 1009 1563 (3).

729 1620 752 1664 g
797 1622 845 1653 11.

409 1713 664 1739 ARGUMENTI
709 1719 848 1742 VALOR
893 1722 940 1744 ΕΤ
983 1723 1159 1746 PONDUS.

159 1795 208 1827 Ex
227 1795 290 1839 jam
310 1798 418 1841 dictis,
439 1802 513 1833 satis
533 1815 687 1847 apparere
707 1806 918 1851 arbitramur,
939 1810 1001 1843 hoc
1020 1818 1250 1855 argumentum
1265 1811 1454 1849 historicum

116 1852 311 1891 argumentis
332 1855 516 1897 apodicticis
537 1864 570 1889 et
592 1861 767 1902 primariis,
788 1874 854 1895 non
874 1875 941 1897 esse
962 1866 1209 1898 accensendum.
1236 1867 1331 1910 Nam,
1350 1882 1454 1914 quum

115 1903 243 1935 errandi
264 1916 345 1938 ansae
366 1915 398 1940 et
417 1912 554 1953 semina,
575 1913 713 1959 ideoque
733 1917 801 1960 ipse
825 1929 935 1960 error,
960 1926 1025 1952 tam
1050 1921 1114 1953 late
1141 1924 1310 1967 propagari
1331 1927 1453 1968 possint

140 1977 1420 2008 Ἢ

172 2018 215 2046 (1)
231 2018 269 2041 Cf.
285 2020 381 2045 Ernesti
398 2022 472 2047 theol.
491 2031 557 2056 nat.‚
577 2028 595 2050 1.
614 2031 637 2052 1.
660 2018 676 2060 §¹
692 2039 732 2062 19,
748 2036 772 2055 et
787 2032 860 2056 initia
877 2033 996 2057 doetriuae
1012 2035 1085 2058 solid.
1098 2054 1105 2065 ,
1123 2044 1150 2067 p.
1165 2038 1208 2060 238
1224 2046 1262 2070 sq.
1274 2057 1280 2069 ‚
1296 2039 1336 2063 ed.
1357 2042 1393 2062 Il.

170 2057 214 2085 (2)
229 2059 282 2082 Cic.
301 2061 330 2083 de
346 2062 473 2093 divinat.,
494 2066 514 2088 l.
534 2068 570 2089 11.
593 2077 615 2091 c.
634 2078 674 2099 27·

169 2099 214 2128 (5)
231 2099 269 2123 Cf.
286 2100 472 2134 Wyueuhach‚
491 2112 609 2138 praecepta
626 2110 691 2140 phil.
713 2111 782 2143 log.,
802 2120 830 2144 p.
851 2114 901 2137 ΙΙΙ.
923 2122 948 2137 c.
968 2114 994 2138 8.
1016 2114 1068 2145 §1-
1092 2123 1130 2147 sq.
