1747 2620
872 251 883 293 (
908 250 971 290 1⁶24
995 250 1007 293 )

315 323 403 361 Quid
430 323 635 355 statuendum
661 329 707 355 est
731 323 769 354 de
796 323 983 355 vulneribus
1010 324 1162 366 portionis
1186 323 1354 367 pectoralis
1378 324 1494 356 canalis
1520 324 1605 357 illius

270 378 423 409 aiiriferi‘?
446 379 626 421 Antequam
650 379 840 409 sententiam
863 384 1001 409 nostram
1022 378 1081 409 hac
1101 377 1140 409 de
1159 389 1193 409 re
1212 379 1477 420 p1¹onunciemuS‚
1495 379 1606 411 videa-

269 444 341 464 mus
366 433 497 475 quinam
523 433 585 462 sint
611 432 744 462 effectus
769 431 954 474 hujusmodi
975 432 1124 472 laesionis3
1152 431 1316 464 videamus
1344 438 1496 475 praeterea
1523 444 1605 464 num

269 487 323 518 ille
342 488 438 529 possit
460 486 543 517 solus
564 485 660 523 allici,
685 491 717 515 et
737 485 761 515 si
784 484 864 515 illud
887 485 955 515 fieri
976 487 1106 527 nequit,
1132 497 1279 528 quaenam
1303 492 1378 517 sunt
1399 497 1515 529 organa
1532 497 1606 528 quae

269 541 364 572 simul
385 540 456 571 laedi
478 539 611 578 debe1u3
638 539 778 581 denique
797 538 892 569 etiam
914 538 1112 569 noscendum
1132 545 1178 570 est
1194 546 1304 572 utrum
1326 541 1445 583 possint
1465 539 1606 571 remedia

268 595 346 626 huic
363 594 490 626 vulneri
511 593 680 636 applicari,
699 603 759 623 nec
776 603 835 632 ne;
852 598 884 623 et
900 603 938 623 ex
956 591 1006 623 his
1025 592 1172 625 omnibus
1190 593 1272 625 bene
1287 594 1369 625 notis
1384 600 1415 625 et
1432 593 1606 637 perspectis

269 649 308 680 de
329 648 444 679 horum
466 647 643 678 lethalitate
669 646 827 690 judicium
853 646 1005 677 feremus.

312 704 431 746 Aspera
451 703 566 733 arteria
588 708 620 733 et
638 701 790 732 bronchia
807 701 872 731 aeri
892 701 926 731 in
949 700 1157 743 pulmonibus
1172 700 1342 732 transitum
1362 700 1522 743 praebent,
1541 711 1605 743 quo

268 760 340 789 a'e're
357 763 430 799 eget
444 757 571 799 sanguis
592 762 644 794 ut,
662 754 875 786 mediantibus
895 753 1118 796 pulmonibus,
1135 754 1313 785 reficiatur:
1334 754 1480 796 protinus
1496 759 1605 785 autem

268 825 304 844 ac
329 824 446 855 organa
468 811 521 842 illa
543 811 677 843 vulnere
701 815 849 840 secantur
870 814 926 839 aut
949 808 1198 848 abscinduntur,
1220 810 1273 839 aer
1292 819 1356 838 non
1381 806 1535 849 amplius,
1557 807 1606 838 uti

269 873 359 898 antea
371 891 378 905 ‚
404 867 437 896 in
457 865 625 907 pulmones
640 869 802 906 penetrat,
820 863 873 894 sed
889 862 952 905 qua
969 863 1040 894 data
1056 863 1146 905 porta
1162 863 1196 893 in
1217 874 1332 894 cavum
1348 861 1508 904 pectorale
1524 861 1606 900 ruit,

269 927 299 952 et
326 921 377 951 hic
407 930 532 961 semper
563 919 660 961 magis
689 917 854 960 magisque
882 916 1125 956 accunuilatuS‚
1157 916 1192 947 in
1217 916 1323 946 omnia
1355 926 1472 957 organa
1502 915 1606 947 vicina

268 975 461 1018 pressionem
483 974 647 1015 ingentem
671 983 736 1002 non
758 969 979 1002 tantummodo
1000 976 1148 1009 exercet,
1174 969 1286 1000 sedet
1307 969 1404 999 etiam
1431 974 1469 999 ut
1491 979 1607 1010 corpus

268 1029 519 1071 hetcrogeneum
543 1028 623 1069 agit,
648 1036 757 1057 omnes
781 1030 901 1067 partes,
929 1036 1001 1067 quae
1025 1025 1146 1067 pectori
1169 1022 1400 1062 includuntur,
1429 1021 1608 1055 vellicando

268 1083 388 1121 irritat,
410 1082 601 1119 inflammat⁷
621 1080 736 1111 harum
752 1079 1017 1121 suppurationem
1034 1084 1203 1121 provocat,
1219 1078 1279 1108 nisi
1295 1077 1312 1108 a
1329 1076 1447 1120 majore
1468 1075 1607 1119 quodam
1643 1068 1645 1070 v

269 1137 385 1167 damno
411 1136 505 1166 citius
529 1140 662 1177 pereant
687 1133 750 1164 tale
774 1132 852 1175 quid
880 1133 1035 1174 perpessi:
1063 1131 1203 1163 multum
1230 1132 1316 1162 enim
1345 1130 1447 1169 abest,
1477 1136 1514 1161 ut
1540 1129 1608 1160 haec

269 1202 341 1234 quae
364 1190 523 1227 diximus,
550 1188 613 1218 sola
640 1188 703 1217 sint
731 1186 931 1217 incommoda
958 1186 1013 1216 tali
1038 1185 1167 1218 vulneri
1193 1184 1412 1216 succedentia:
1439 1186 1494 1214 aer
1521 1184 1609 1214 enim

269 1244 455 1287 pulmonem
477 1248 513 1273 ut
533 1247 625 1272 antea
647 1251 710 1271 non
731 1241 845 1279 intrat,
866 1239 995 1281 sanguis
1011 1249 1162 1278 venosus,
1178 1238 1234 1281 qui
1254 1237 1315 1268 hoc
1330 1243 1404 1280 eget
1424 1242 1462 1267 ut
1477 1236 1608 1267 refocil-

268 1298 367 1337 letur,
386 1308 450 1327 non
466 1295 602 1338 amplius
616 1295 652 1325 fit
666 1294 852 1333 arteriosus,
868 1294 901 1324 in
913 1292 1121 1336 pulmonibus
1135 1291 1375 1330 accumulatur,
1391 1302 1455 1321 non
1471 1290 1609 1333 amplius

268 1358 361 1395 aptus
382 1358 429 1382 est
449 1351 487 1382 ad
507 1351 662 1381 actionem
687 1348 808 1380 cerebri
830 1347 1046 1387 excitandam,
1069 1346 1157 1377 unde
1179 1345 1339 1377 sauciatus
1360 1344 1512 1388 asphyxia
1535 1349 1610 1375 tan-

270 1407 341 1437 dem
366 1411 531 1447 correptus
554 1405 650 1436 vitam
675 1415 765 1435 suam
787 1414 861 1434 cum
885 1408 987 1434 morte
1009 1407 1123 1433 mutat.
1153 1400 1193 1432 Hi
1215 1405 1291 1431 sunt
1311 1399 1445 1430 effectus
1465 1398 1608 1438 infandi,

269 1461 324 1504 qui
342 1460 516 1491 necessario
534 1458 685 1501 subsequi
702 1457 855 1489 deberent
873 1456 1000 1489 vulneri
1015 1455 1169 1498 portionis
1186 1453 1352 1484 thoracicae
1369 1452 1481 1483 fistulae
1497 1453 1608 1491 acrias,

269 1515 293 1545 si
312 1514 380 1545 luaec
401 1513 463 1544 sola
485 1519 588 1556 posset
614 1513 739 1543 intactis
765 1511 833 1542 aliis
857 1509 1001 1553 partibus
1026 1509 1118 1540 laedi:
1141 1514 1173 1539 at
1192 1508 1355 1539 enimvero
1374 1505 1457 1537 illud
1477 1506 1607 1537 omnino

269 1567 460 1610 impossibile
481 1573 545 1606 est,
570 1566 727 1597 anatomia
750 1577 806 1597 nos
825 1565 912 1596 enim
934 1564 1027 1595 (locet
1051 1562 1212 1594 tracheam
1237 1561 1383 1603 undique
1406 1559 1608 1591 nobilissimis

269 1622 394 1664 organis
416 1620 624 1651 circumdari:
650 1620 807 1650 anteriora
829 1618 950 1650 scilicet
970 1629 1079 1650 versus
1095 1616 1256 1659 obtegitur
1274 1626 1406 1658 corpore
1422 1614 1607 1658 thyroi'deo,

268 1676 357 1707 venis
384 1674 558 1717 thyroi'deis
590 1673 809 1711 inferioribus,
839 1671 990 1715 glandula
1015 1672 1143 1715 thymo,
1170 1670 1250 1702 vena
1278 1669 1464 1709 subclavea,
1492 1668 1608 1700 arteria

268 1727 580 1770 brachio-cephalica
591 1752 598 1766 ‚
621 1733 652 1758 et
674 1727 791 1771 majore
808 1734 903 1758 aortae
919 1726 1109 1759 curvatura:
1126 1730 1321 1768 postrorsum
1340 1724 1373 1754 in
1392 1723 1516 1754 ratione
1531 1733 1607 1754 cum

269 1782 459 1825 OEsopliago
475 1788 506 1812 et
522 1781 674 1813 vertebris
689 1781 836 1823 ponitur3
859 1780 1031 1811 lateraliter
1051 1780 1182 1811 demum
1206 1789 1280 1809 cum
1303 1777 1426 1808 arteriis
1441 1775 1608 1807 carotideis

267 1836 452 1881 primitivis,
470 1836 558 1868 venis
571 1834 773 1879 jugularibus
791 1835 941 1874 internis,
957 1834 1063 1865 nervis
1078 1831 1381 1876 pneumo-gastricis
1392 1836 1424 1862 et
1437 1829 1608 1874 majoribus

269 1890 522 1935 sympathetici53
545 1889 704 1932 quomodo
724 1900 812 1920 nunc
833 1889 932 1932 igitur
952 1887 1042 1919 nobis
1061 1887 1230 1930 imaginari
1249 1896 1429 1929 possemus,
1449 1895 1606 1927 organum

269 1945 355 1989 quod
374 1951 420 1976 tot
435 1943 578 1987 partibus
593 1943 811 1975 circumdatur
828 1949 860 1974 et
876 1942 1059 1975 obvolvitur
1075 1941 1178 1973 solum
1193 1940 1327 1972 sauciari
1344 1938 1458 1982 posse'?
1479 1938 1608 1970 Vulnus

270 2001 374 2039 euim,
389 1999 454 2030 sive
471 2010 487 2029 a
503 1997 671 2037 lateribus,
686 1998 752 2030 sive
767 2010 784 2029 a
798 2003 888 2041 parte
900 1997 1051 2029 anteriori
1067 1995 1273 2039 posteriorive
1289 1993 1468 2036 infligatur,
1480 2002 1607 2034 semper

270 2054 376 2087 obvias
396 2052 492 2084 habet
513 2058 618 2095 partes
640 2052 799 2095 egregias,
828 2064 967 2096 quarum
986 2051 1071 2083 laesio
1090 2062 1147 2094 per
1170 2061 1203 2081 se
1229 2048 1293 2093 jam
1320 2054 1456 2080 mortem
1481 2052 1606 2090 patrare
