<?xml version="1.0" encoding="UTF-8"?>
<!DOCTYPE html PUBLIC "-//W3C//DTD XHTML 1.0 Transitional//EN"
    "http://www.w3.org/TR/xhtml1/DTD/xhtml1-transitional.dtd">
<html xmlns="http://www.w3.org/1999/xhtml" xml:lang="en" lang="en">
 <head>
  <title>
</title>
<meta http-equiv="Content-Type" content="text/html;charset=utf-8" />
  <meta name='ocr-system' content='tesseract 3.04.00' />
  <meta name='ocr-capabilities' content='ocr_page ocr_carea ocr_par ocr_line ocrx_word'/>
</head>
<body>
  <div class='ocr_page' id='page_1' title='image "annalesacademiae00acad_0299.png"; bbox 0 0 1747 2620; ppageno 0'>
   <div class='ocr_carea' id='block_1_1' title="bbox 683 268 822 312">
    <p class='ocr_par' dir='ltr' id='par_1_1' title="bbox 683 268 822 312">
     <span class='ocr_line' id='line_1_1' title="bbox 683 268 822 312; baseline 0.014 -12"><span class='ocrx_word' id='word_1_1' title='bbox 683 268 822 312; x_wconf 87' lang='lat'>(111)</span> 
     </span>
    </p>
   </div>
   <div class='ocr_carea' id='block_1_2' title="bbox 424 392 1078 436">
    <p class='ocr_par' dir='ltr' id='par_1_2' title="bbox 424 392 1078 436">
     <span class='ocr_line' id='line_1_2' title="bbox 424 392 1078 436; baseline 0.008 -13"><span class='ocrx_word' id='word_1_2' title='bbox 424 392 448 436; x_wconf 66' lang='lat' dir='ltr'>g</span> <span class='ocrx_word' id='word_1_3' title='bbox 483 392 539 424; x_wconf 90' lang='lat' dir='ltr'>IV.</span> <span class='ocrx_word' id='word_1_4' title='bbox 593 404 828 426; x_wconf 79' lang='lat' dir='ltr'><strong>PULMONUM</strong></span> <span class='ocrx_word' id='word_1_5' title='bbox 874 406 1078 428; x_wconf 78' lang='lat' dir='ltr'>VULNERA.</span> 
     </span>
    </p>
   </div>
   <div class='ocr_carea' id='block_1_3' title="bbox 59 484 1419 2085">
    <p class='ocr_par' dir='ltr' id='par_1_3' title="bbox 59 484 1419 2049">
     <span class='ocr_line' id='line_1_3' title="bbox 124 484 1419 537; baseline 0.008 -21"><span class='ocrx_word' id='word_1_6' title='bbox 124 484 333 529; x_wconf 86' lang='lat' dir='ltr'>Complicatio</span> <span class='ocrx_word' id='word_1_7' title='bbox 364 485 537 518; x_wconf 86' lang='lat' dir='ltr'>vulnerum</span> <span class='ocrx_word' id='word_1_8' title='bbox 565 486 743 519; x_wconf 87' lang='lat' dir='ltr'>Thoracem</span> <span class='ocrx_word' id='word_1_9' title='bbox 770 490 1010 531; x_wconf 81' lang='lat' dir='ltr'><strong>penetrantium</strong></span> <span class='ocrx_word' id='word_1_10' title='bbox 1035 490 1253 535; x_wconf 86' lang='lat' dir='ltr'>vulgatissima</span> <span class='ocrx_word' id='word_1_11' title='bbox 1280 498 1327 525; x_wconf 90' lang='lat' dir='ltr'>est</span> <span class='ocrx_word' id='word_1_12' title='bbox 1352 494 1419 537; x_wconf 85' lang='lat' dir='ltr'>ipsa</span> 
     </span>
     <span class='ocr_line' id='line_1_4' title="bbox 78 538 1419 591; baseline 0.007 -21"><span class='ocrx_word' id='word_1_13' title='bbox 78 538 270 582; x_wconf 88' lang='lat' dir='ltr'>pulmonum</span> <span class='ocrx_word' id='word_1_14' title='bbox 292 539 394 571; x_wconf 84' lang='lat' dir='ltr'>laesio:</span> <span class='ocrx_word' id='word_1_15' title='bbox 418 540 565 583; x_wconf 86' lang='lat' dir='ltr'>nihilque</span> <span class='ocrx_word' id='word_1_16' title='bbox 586 541 619 572; x_wconf 89' lang='lat' dir='ltr'>in</span> <span class='ocrx_word' id='word_1_17' title='bbox 643 552 680 572; x_wconf 90' lang='lat' dir='ltr'>eo</span> <span class='ocrx_word' id='word_1_18' title='bbox 700 547 748 573; x_wconf 83' lang='lat' dir='ltr'>est</span> <span class='ocrx_word' id='word_1_19' title='bbox 769 554 828 574; x_wconf 91' lang='lat' dir='ltr'>cur</span> <span class='ocrx_word' id='word_1_20' title='bbox 847 543 1017 585; x_wconf 86' lang='lat' dir='ltr'>miremur,</span> <span class='ocrx_word' id='word_1_21' title='bbox 1040 545 1253 591; x_wconf 79' lang='lat' dir='ltr'>dummodum</span> <span class='ocrx_word' id='word_1_22' title='bbox 1268 548 1419 580; x_wconf 86' lang='lat' dir='ltr'>recorde-</span> 
     </span>
     <span class='ocr_line' id='line_1_5' title="bbox 77 592 1417 645; baseline 0.009 -22"><span class='ocrx_word' id='word_1_23' title='bbox 77 604 168 633; x_wconf 86' lang='lat' dir='ltr'><strong>mur,</strong></span> <span class='ocrx_word' id='word_1_24' title='bbox 189 592 359 636; x_wconf 77' lang='lat' dir='ltr'><strong>pulmones</strong></span> <span class='ocrx_word' id='word_1_25' title='bbox 378 599 476 625; x_wconf 88' lang='lat' dir='ltr'>totam</span> <span class='ocrx_word' id='word_1_26' title='bbox 495 595 564 626; x_wconf 87' lang='lat' dir='ltr'>fere</span> <span class='ocrx_word' id='word_1_27' title='bbox 579 595 730 627; x_wconf 85' lang='lat' dir='ltr'>Thoracis</span> <span class='ocrx_word' id='word_1_28' title='bbox 747 597 915 629; x_wconf 79' lang='lat' dir='ltr'>cavitatem</span> <span class='ocrx_word' id='word_1_29' title='bbox 932 599 1072 642; x_wconf 86' lang='lat' dir='ltr'>replere,</span> <span class='ocrx_word' id='word_1_30' title='bbox 1093 607 1126 632; x_wconf 88' lang='lat' dir='ltr'>et</span> <span class='ocrx_word' id='word_1_31' title='bbox 1140 612 1265 645; x_wconf 87' lang='lat' dir='ltr'>semper</span> <span class='ocrx_word' id='word_1_32' title='bbox 1280 604 1417 645; x_wconf 82' lang='lat' dir='ltr'>pectoris</span> 
     </span>
     <span class='ocr_line' id='line_1_6' title="bbox 75 645 1416 697; baseline 0.01 -21"><span class='ocrx_word' id='word_1_33' title='bbox 75 645 253 689; x_wconf 85' lang='lat' dir='ltr'>parietibus</span> <span class='ocrx_word' id='word_1_34' title='bbox 277 648 444 691; x_wconf 86' lang='lat' dir='ltr'>contiguos</span> <span class='ocrx_word' id='word_1_35' title='bbox 466 659 543 680; x_wconf 90' lang='lat' dir='ltr'>esse.</span> <span class='ocrx_word' id='word_1_36' title='bbox 569 649 603 680; x_wconf 90' lang='lat' dir='ltr'>Si</span> <span class='ocrx_word' id='word_1_37' title='bbox 623 650 743 692; x_wconf 82' lang='lat' dir='ltr'>quaevis</span> <span class='ocrx_word' id='word_1_38' title='bbox 764 650 958 693; x_wconf 90' lang='lat' dir='ltr'>pulmonum</span> <span class='ocrx_word' id='word_1_39' title='bbox 986 654 1082 685; x_wconf 91' lang='lat' dir='ltr'>sectio</span> <span class='ocrx_word' id='word_1_40' title='bbox 1109 661 1245 687; x_wconf 88' lang='lat' dir='ltr'>mortem</span> <span class='ocrx_word' id='word_1_41' title='bbox 1271 656 1416 697; x_wconf 82' lang='lat' dir='ltr'>afferret,</span> 
     </span>
     <span class='ocr_line' id='line_1_7' title="bbox 75 702 1417 753; baseline 0.009 -22"><span class='ocrx_word' id='word_1_42' title='bbox 75 706 155 743; x_wconf 85' lang='lat' dir='ltr'>quot</span> <span class='ocrx_word' id='word_1_43' title='bbox 174 712 240 732; x_wconf 89' lang='lat' dir='ltr'>non</span> <span class='ocrx_word' id='word_1_44' title='bbox 260 702 377 733; x_wconf 74' lang='lat' dir='ltr'>exinde</span> <span class='ocrx_word' id='word_1_45' title='bbox 395 703 528 734; x_wconf 90' lang='lat' dir='ltr'>sauciati</span> <span class='ocrx_word' id='word_1_46' title='bbox 543 702 584 735; x_wconf 91' lang='lat' dir='ltr'>ad</span> <span class='ocrx_word' id='word_1_47' title='bbox 603 714 715 735; x_wconf 87' lang='lat' dir='ltr'>orcum</span> <span class='ocrx_word' id='word_1_48' title='bbox 736 704 989 738; x_wconf 84' lang='lat' dir='ltr'>delaberentur‘?</span> <span class='ocrx_word' id='word_1_49' title='bbox 1010 707 1073 739; x_wconf 78' lang='lat' dir='ltr'>Vix</span> <span class='ocrx_word' id='word_1_50' title='bbox 1088 708 1192 741; x_wconf 86' lang='lat' dir='ltr'>ullum</span> <span class='ocrx_word' id='word_1_51' title='bbox 1210 717 1314 753; x_wconf 83' lang='lat' dir='ltr'>posset</span> <span class='ocrx_word' id='word_1_52' title='bbox 1328 712 1417 743; x_wconf 92' lang='lat' dir='ltr'>Tho—</span> 
     </span>
     <span class='ocr_line' id='line_1_8' title="bbox 74 754 1416 805; baseline 0.009 -20"><span class='ocrx_word' id='word_1_53' title='bbox 74 754 140 785; x_wconf 86' lang='lat' dir='ltr'>raci</span> <span class='ocrx_word' id='word_1_54' title='bbox 161 754 281 787; x_wconf 85' lang='lat' dir='ltr'>vulnus</span> <span class='ocrx_word' id='word_1_55' title='bbox 299 755 416 799; x_wconf 85' lang='lat' dir='ltr'>infligi,</span> <span class='ocrx_word' id='word_1_56' title='bbox 445 757 525 799; x_wconf 90' lang='lat' dir='ltr'>quin</span> <span class='ocrx_word' id='word_1_57' title='bbox 544 756 632 788; x_wconf 90' lang='lat' dir='ltr'>letho</span> <span class='ocrx_word' id='word_1_58' title='bbox 651 756 832 790; x_wconf 89' lang='lat' dir='ltr'>afficeretur</span> <span class='ocrx_word' id='word_1_59' title='bbox 849 759 911 791; x_wconf 86' lang='lat' dir='ltr'>tale</span> <span class='ocrx_word' id='word_1_60' title='bbox 930 760 1009 803; x_wconf 88' lang='lat' dir='ltr'>quid</span> <span class='ocrx_word' id='word_1_61' title='bbox 1031 773 1215 805; x_wconf 84' lang='lat' dir='ltr'>perpessus:</span> <span class='ocrx_word' id='word_1_62' title='bbox 1237 770 1269 795; x_wconf 88' lang='lat' dir='ltr'>at</span> <span class='ocrx_word' id='word_1_63' title='bbox 1290 776 1365 797; x_wconf 88' lang='lat' dir='ltr'>vero</span> <span class='ocrx_word' id='word_1_64' title='bbox 1384 771 1416 796; x_wconf 84' lang='lat' dir='ltr'>et</span> 
     </span>
     <span class='ocr_line' id='line_1_9' title="bbox 72 806 1416 861; baseline 0.009 -23"><span class='ocrx_word' id='word_1_65' title='bbox 72 806 128 839; x_wconf 84' lang='lat' dir='ltr'>hic</span> <span class='ocrx_word' id='word_1_66' title='bbox 152 808 249 840; x_wconf 89' lang='lat' dir='ltr'>etiam</span> <span class='ocrx_word' id='word_1_67' title='bbox 277 809 406 841; x_wconf 86' lang='lat' dir='ltr'>videtur</span> <span class='ocrx_word' id='word_1_68' title='bbox 433 810 709 852; x_wconf 86' lang='lat' dir='ltr'>providentissima</span> <span class='ocrx_word' id='word_1_69' title='bbox 735 819 850 845; x_wconf 87' lang='lat' dir='ltr'>natura</span> <span class='ocrx_word' id='word_1_70' title='bbox 877 820 1004 846; x_wconf 85' lang='lat' dir='ltr'>tantum</span> <span class='ocrx_word' id='word_1_71' title='bbox 1030 816 1186 848; x_wconf 89' lang='lat' dir='ltr'>damnum</span> <span class='ocrx_word' id='word_1_72' title='bbox 1210 819 1416 861; x_wconf 74' lang='lat' dir='ltr'>praecavisse,</span> 
     </span>
     <span class='ocr_line' id='line_1_10' title="bbox 73 862 1417 912; baseline 0.01 -20"><span class='ocrx_word' id='word_1_73' title='bbox 73 866 200 893; x_wconf 85' lang='lat' dir='ltr'>tantum</span> <span class='ocrx_word' id='word_1_74' title='bbox 216 862 304 894; x_wconf 90' lang='lat' dir='ltr'>enim</span> <span class='ocrx_word' id='word_1_75' title='bbox 320 862 407 894; x_wconf 82' lang='lat' dir='ltr'>abest</span> <span class='ocrx_word' id='word_1_76' title='bbox 427 869 466 895; x_wconf 88' lang='lat' dir='ltr'>ut</span> <span class='ocrx_word' id='word_1_77' title='bbox 481 870 597 896; x_wconf 88' lang='lat' dir='ltr'>cuncta</span> <span class='ocrx_word' id='word_1_78' title='bbox 618 865 812 908; x_wconf 91' lang='lat' dir='ltr'>pulmonum</span> <span class='ocrx_word' id='word_1_79' title='bbox 829 867 962 900; x_wconf 84' lang='lat' dir='ltr'>vulnera</span> <span class='ocrx_word' id='word_1_80' title='bbox 984 869 1134 902; x_wconf 84' lang='lat' dir='ltr'>lethifera</span> <span class='ocrx_word' id='word_1_81' title='bbox 1151 872 1230 912; x_wconf 74' lang='lat' dir='ltr'>sint,</span> <span class='ocrx_word' id='word_1_82' title='bbox 1249 877 1286 904; x_wconf 92' lang='lat' dir='ltr'>ut</span> <span class='ocrx_word' id='word_1_83' title='bbox 1302 883 1319 903; x_wconf 90' lang='lat' dir='ltr'>e</span> <span class='ocrx_word' id='word_1_84' title='bbox 1338 884 1417 905; x_wconf 76' lang='lat' dir='ltr'>eon-</span> 
     </span>
     <span class='ocr_line' id='line_1_11' title="bbox 72 915 1415 967; baseline 0.009 -21"><span class='ocrx_word' id='word_1_85' title='bbox 72 920 138 955; x_wconf 82' lang='lat' dir='ltr'>tra,</span> <span class='ocrx_word' id='word_1_86' title='bbox 166 915 222 959; x_wconf 91' lang='lat' dir='ltr'>qui</span> <span class='ocrx_word' id='word_1_87' title='bbox 244 915 296 948; x_wconf 86' lang='lat' dir='ltr'>vel</span> <span class='ocrx_word' id='word_1_88' title='bbox 316 916 357 948; x_wconf 85' lang='lat' dir='ltr'>de</span> <span class='ocrx_word' id='word_1_89' title='bbox 379 917 546 949; x_wconf 64' lang='lat' dir='ltr'>medecina</span> <span class='ocrx_word' id='word_1_90' title='bbox 568 918 704 959; x_wconf 88' lang='lat' dir='ltr'>forensi,</span> <span class='ocrx_word' id='word_1_91' title='bbox 733 919 784 952; x_wconf 90' lang='lat' dir='ltr'>vel</span> <span class='ocrx_word' id='word_1_92' title='bbox 810 920 849 952; x_wconf 91' lang='lat' dir='ltr'>de</span> <span class='ocrx_word' id='word_1_93' title='bbox 873 921 1036 966; x_wconf 71' lang='lat' dir='ltr'>chirurgia</span> <span class='ocrx_word' id='word_1_94' title='bbox 1063 924 1278 967; x_wconf 88' lang='lat' dir='ltr'>scripserunt,</span> <span class='ocrx_word' id='word_1_95' title='bbox 1304 937 1415 957; x_wconf 90' lang='lat' dir='ltr'>omnes</span> 
     </span>
     <span class='ocr_line' id='line_1_12' title="bbox 69 970 1414 1023; baseline 0.008 -22"><span class='ocrx_word' id='word_1_96' title='bbox 69 970 105 1001; x_wconf 81' lang='lat' dir='ltr'>in</span> <span class='ocrx_word' id='word_1_97' title='bbox 123 981 161 1002; x_wconf 93' lang='lat' dir='ltr'>eo</span> <span class='ocrx_word' id='word_1_98' title='bbox 182 972 391 1011; x_wconf 85' lang='lat' dir='ltr'>conveniant,</span> <span class='ocrx_word' id='word_1_99' title='bbox 412 978 450 1004; x_wconf 88' lang='lat' dir='ltr'>ut</span> <span class='ocrx_word' id='word_1_100' title='bbox 469 972 634 1004; x_wconf 80' lang='lat' dir='ltr'>declarent</span> <span class='ocrx_word' id='word_1_101' title='bbox 653 973 808 1017; x_wconf 90' lang='lat' dir='ltr'>plurimas</span> <span class='ocrx_word' id='word_1_102' title='bbox 823 975 957 1008; x_wconf 87' lang='lat' dir='ltr'>istorum</span> <span class='ocrx_word' id='word_1_103' title='bbox 977 989 1171 1020; x_wconf 80' lang='lat' dir='ltr'>organorum</span> <span class='ocrx_word' id='word_1_104' title='bbox 1192 979 1301 1023; x_wconf 81' lang='lat' dir='ltr'>plagas</span> <span class='ocrx_word' id='word_1_105' title='bbox 1320 991 1414 1012; x_wconf 85' lang='lat' dir='ltr'>sana—</span> 
     </span>
     <span class='ocr_line' id='line_1_13' title="bbox 70 1024 1414 1076; baseline 0.008 -21"><span class='ocrx_word' id='word_1_106' title='bbox 70 1024 165 1055; x_wconf 81' lang='lat' dir='ltr'>tionis</span> <span class='ocrx_word' id='word_1_107' title='bbox 195 1036 327 1068; x_wconf 86' lang='lat' dir='ltr'>capaces</span> <span class='ocrx_word' id='word_1_108' title='bbox 351 1037 438 1058; x_wconf 86' lang='lat' dir='ltr'>esse:</span> <span class='ocrx_word' id='word_1_109' title='bbox 464 1027 544 1070; x_wconf 88' lang='lat' dir='ltr'>quin</span> <span class='ocrx_word' id='word_1_110' title='bbox 570 1028 635 1059; x_wconf 90' lang='lat' dir='ltr'>imo</span> <span class='ocrx_word' id='word_1_111' title='bbox 664 1035 808 1071; x_wconf 83' lang='lat' dir='ltr'>prostant</span> <span class='ocrx_word' id='word_1_112' title='bbox 837 1031 994 1073; x_wconf 88' lang='lat' dir='ltr'>stupenda</span> <span class='ocrx_word' id='word_1_113' title='bbox 1024 1032 1172 1076; x_wconf 78' lang='lat' dir='ltr'>exempla</span> <span class='ocrx_word' id='word_1_114' title='bbox 1198 1034 1414 1066; x_wconf 81' lang='lat' dir='ltr'>maximorum</span> 
     </span>
     <span class='ocr_line' id='line_1_14' title="bbox 69 1078 1413 1127; baseline 0.007 -18"><span class='ocrx_word' id='word_1_115' title='bbox 69 1078 245 1111; x_wconf 84' lang='lat' dir='ltr'>vulnerum</span> <span class='ocrx_word' id='word_1_116' title='bbox 275 1079 454 1112; x_wconf 87' lang='lat' dir='ltr'>Thoracem</span> <span class='ocrx_word' id='word_1_117' title='bbox 483 1082 725 1124; x_wconf 82' lang='lat' dir='ltr'>penetrantium</span> <span class='ocrx_word' id='word_1_118' title='bbox 754 1089 938 1115; x_wconf 84' lang='lat' dir='ltr'>sanatorum</span> <span class='ocrx_word' id='word_1_119' title='bbox 969 1084 1027 1127; x_wconf 89' lang='lat'>(1).</span> <span class='ocrx_word' id='word_1_120' title='bbox 1065 1085 1125 1117; x_wconf 88' lang='lat' dir='ltr'>Hic</span> <span class='ocrx_word' id='word_1_121' title='bbox 1152 1086 1242 1117; x_wconf 89' lang='lat' dir='ltr'>nobis</span> <span class='ocrx_word' id='word_1_122' title='bbox 1266 1099 1355 1118; x_wconf 87' lang='lat' dir='ltr'>nunc</span> <span class='ocrx_word' id='word_1_123' title='bbox 1379 1088 1413 1119; x_wconf 90' lang='lat' dir='ltr'>in</span> 
     </span>
     <span class='ocr_line' id='line_1_15' title="bbox 69 1134 1414 1184; baseline 0.009 -20"><span class='ocrx_word' id='word_1_124' title='bbox 69 1142 190 1165; x_wconf 88' lang='lat' dir='ltr'>munus</span> <span class='ocrx_word' id='word_1_125' title='bbox 217 1134 307 1166; x_wconf 89' lang='lat' dir='ltr'>venit</span> <span class='ocrx_word' id='word_1_126' title='bbox 334 1135 451 1177; x_wconf 85' lang='lat' dir='ltr'>gradus</span> <span class='ocrx_word' id='word_1_127' title='bbox 478 1137 580 1168; x_wconf 91' lang='lat' dir='ltr'>varios</span> <span class='ocrx_word' id='word_1_128' title='bbox 607 1136 794 1169; x_wconf 86' lang='lat' dir='ltr'>lethalitatis</span> <span class='ocrx_word' id='word_1_129' title='bbox 823 1149 1095 1184; x_wconf 85' lang='lat' dir='ltr'>quorumcunque</span> <span class='ocrx_word' id='word_1_130' title='bbox 1127 1142 1305 1175; x_wconf 87' lang='lat' dir='ltr'>istiusmodi</span> <span class='ocrx_word' id='word_1_131' title='bbox 1339 1145 1414 1176; x_wconf 89' lang='lat' dir='ltr'>vul—</span> 
     </span>
     <span class='ocr_line' id='line_1_16' title="bbox 68 1191 1412 1240; baseline 0.008 -21"><span class='ocrx_word' id='word_1_132' title='bbox 68 1199 185 1220; x_wconf 84' lang='lat' dir='ltr'>nerum</span> <span class='ocrx_word' id='word_1_133' title='bbox 206 1199 386 1232; x_wconf 86' lang='lat' dir='ltr'>exponere:</span> <span class='ocrx_word' id='word_1_134' title='bbox 412 1195 509 1233; x_wconf 79' lang='lat' dir='ltr'>atque</span> <span class='ocrx_word' id='word_1_135' title='bbox 534 1201 698 1233; x_wconf 87' lang='lat' dir='ltr'>possemus</span> <span class='ocrx_word' id='word_1_136' title='bbox 717 1191 829 1224; x_wconf 86' lang='lat' dir='ltr'>ordine</span> <span class='ocrx_word' id='word_1_137' title='bbox 852 1192 960 1224; x_wconf 91' lang='lat' dir='ltr'>lucido</span> <span class='ocrx_word' id='word_1_138' title='bbox 981 1200 1079 1237; x_wconf 88' lang='lat' dir='ltr'>atque</span> <span class='ocrx_word' id='word_1_139' title='bbox 1099 1195 1214 1227; x_wconf 91' lang='lat' dir='ltr'>idoneo</span> <span class='ocrx_word' id='word_1_140' title='bbox 1238 1198 1412 1240; x_wconf 88' lang='lat' dir='ltr'>procedere</span> 
     </span>
     <span class='ocr_line' id='line_1_17' title="bbox 67 1242 1412 1295; baseline 0.007 -21"><span class='ocrx_word' id='word_1_141' title='bbox 67 1243 102 1274; x_wconf 93' lang='lat' dir='ltr'>in</span> <span class='ocrx_word' id='word_1_142' title='bbox 126 1242 226 1274; x_wconf 69' lang='lat' dir='ltr'>hatzce</span> <span class='ocrx_word' id='word_1_143' title='bbox 246 1244 463 1287; x_wconf 72' lang='lat' dir='ltr'>expositione,</span> <span class='ocrx_word' id='word_1_144' title='bbox 495 1244 661 1277; x_wconf 89' lang='lat' dir='ltr'>videamus</span> <span class='ocrx_word' id='word_1_145' title='bbox 684 1246 844 1288; x_wconf 87' lang='lat' dir='ltr'>imprimis</span> <span class='ocrx_word' id='word_1_146' title='bbox 873 1247 1053 1290; x_wconf 84' lang='lat' dir='ltr'>quotuplici</span> <span class='ocrx_word' id='word_1_147' title='bbox 1072 1248 1167 1280; x_wconf 89' lang='lat' dir='ltr'>modo</span> <span class='ocrx_word' id='word_1_148' title='bbox 1191 1251 1311 1292; x_wconf 81' lang='lat' dir='ltr'>possint</span> <span class='ocrx_word' id='word_1_149' title='bbox 1335 1252 1412 1295; x_wconf 89' lang='lat' dir='ltr'>pul-</span> 
     </span>
     <span class='ocr_line' id='line_1_18' title="bbox 65 1296 1410 1348; baseline 0.007 -21"><span class='ocrx_word' id='word_1_150' title='bbox 65 1307 177 1328; x_wconf 87' lang='lat' dir='ltr'>mones</span> <span class='ocrx_word' id='word_1_151' title='bbox 196 1296 288 1337; x_wconf 83' lang='lat' dir='ltr'>laedi,</span> <span class='ocrx_word' id='word_1_152' title='bbox 317 1303 355 1329; x_wconf 83' lang='lat' dir='ltr'>ut</span> <span class='ocrx_word' id='word_1_153' title='bbox 381 1298 491 1342; x_wconf 86' lang='lat' dir='ltr'>mortis</span> <span class='ocrx_word' id='word_1_154' title='bbox 517 1298 700 1341; x_wconf 86' lang='lat' dir='ltr'>periculum</span> <span class='ocrx_word' id='word_1_155' title='bbox 730 1299 846 1330; x_wconf 79' lang='lat' dir='ltr'>exinde</span> <span class='ocrx_word' id='word_1_156' title='bbox 875 1301 1007 1332; x_wconf 83' lang='lat' dir='ltr'>oriatur.</span> <span class='ocrx_word' id='word_1_157' title='bbox 1038 1301 1105 1334; x_wconf 91' lang='lat' dir='ltr'>Sub</span> <span class='ocrx_word' id='word_1_158' title='bbox 1132 1303 1250 1346; x_wconf 86' lang='lat' dir='ltr'>triplici</span> <span class='ocrx_word' id='word_1_159' title='bbox 1279 1312 1410 1348; x_wconf 85' lang='lat' dir='ltr'>aspectu</span> 
     </span>
     <span class='ocr_line' id='line_1_19' title="bbox 66 1349 1409 1400; baseline 0.008 -19"><span class='ocrx_word' id='word_1_160' title='bbox 66 1349 183 1382; x_wconf 90' lang='lat' dir='ltr'>horum</span> <span class='ocrx_word' id='word_1_161' title='bbox 200 1350 333 1382; x_wconf 91' lang='lat' dir='ltr'>vulnera</span> <span class='ocrx_word' id='word_1_162' title='bbox 353 1351 532 1394; x_wconf 89' lang='lat' dir='ltr'>periculosa</span> <span class='ocrx_word' id='word_1_163' title='bbox 550 1351 710 1392; x_wconf 82' lang='lat' dir='ltr'>evadunt3</span> <span class='ocrx_word' id='word_1_164' title='bbox 730 1359 876 1385; x_wconf 82' lang='lat' dir='ltr'>constant</span> <span class='ocrx_word' id='word_1_165' title='bbox 894 1355 982 1386; x_wconf 89' lang='lat' dir='ltr'>enim</span> <span class='ocrx_word' id='word_1_166' title='bbox 1002 1357 1181 1400; x_wconf 84' lang='lat' dir='ltr'>praecipue,</span> <span class='ocrx_word' id='word_1_167' title='bbox 1205 1369 1223 1389; x_wconf 88' lang='lat' dir='ltr'>e</span> <span class='ocrx_word' id='word_1_168' title='bbox 1238 1360 1318 1390; x_wconf 90' lang='lat' dir='ltr'>vasis</span> <span class='ocrx_word' id='word_1_169' title='bbox 1334 1371 1409 1393; x_wconf 83' lang='lat' dir='ltr'>san—</span> 
     </span>
     <span class='ocr_line' id='line_1_20' title="bbox 67 1404 1408 1455; baseline 0.008 -21"><span class='ocrx_word' id='word_1_170' title='bbox 67 1404 217 1447; x_wconf 83' lang='lat' dir='ltr'>guiferis,</span> <span class='ocrx_word' id='word_1_171' title='bbox 232 1404 317 1436; x_wconf 87' lang='lat' dir='ltr'>tubis</span> <span class='ocrx_word' id='word_1_172' title='bbox 332 1407 437 1436; x_wconf 72' lang='lat' dir='ltr'>aerem</span> <span class='ocrx_word' id='word_1_173' title='bbox 454 1405 661 1445; x_wconf 87' lang='lat' dir='ltr'>ducentibus,</span> <span class='ocrx_word' id='word_1_174' title='bbox 678 1412 710 1438; x_wconf 92' lang='lat' dir='ltr'>et</span> <span class='ocrx_word' id='word_1_175' title='bbox 723 1408 853 1450; x_wconf 88' lang='lat' dir='ltr'>proprio</span> <span class='ocrx_word' id='word_1_176' title='bbox 868 1409 1136 1453; x_wconf 82' lang='lat' dir='ltr'>parenchymate,</span> <span class='ocrx_word' id='word_1_177' title='bbox 1152 1411 1286 1455; x_wconf 78' lang='lat' dir='ltr'>haecque</span> <span class='ocrx_word' id='word_1_178' title='bbox 1302 1414 1408 1445; x_wconf 88' lang='lat' dir='ltr'>omnia</span> 
     </span>
     <span class='ocr_line' id='line_1_21' title="bbox 65 1458 1408 1509; baseline 0.008 -21"><span class='ocrx_word' id='word_1_179' title='bbox 65 1464 197 1500; x_wconf 86' lang='lat' dir='ltr'>possunt</span> <span class='ocrx_word' id='word_1_180' title='bbox 211 1458 411 1501; x_wconf 86' lang='lat' dir='ltr'>potissimum</span> <span class='ocrx_word' id='word_1_181' title='bbox 428 1459 526 1490; x_wconf 85' lang='lat' dir='ltr'>affici:</span> <span class='ocrx_word' id='word_1_182' title='bbox 550 1461 787 1503; x_wconf 85' lang='lat' dir='ltr'>perpendamus</span> <span class='ocrx_word' id='word_1_183' title='bbox 802 1474 891 1494; x_wconf 87' lang='lat' dir='ltr'>nunc</span> <span class='ocrx_word' id='word_1_184' title='bbox 906 1464 1038 1507; x_wconf 85' lang='lat' dir='ltr'>quinam</span> <span class='ocrx_word' id='word_1_185' title='bbox 1057 1476 1094 1496; x_wconf 82' lang='lat' dir='ltr'>ex</span> <span class='ocrx_word' id='word_1_186' title='bbox 1115 1466 1315 1509; x_wconf 81' lang='lat' dir='ltr'>singularum</span> <span class='ocrx_word' id='word_1_187' title='bbox 1331 1469 1408 1499; x_wconf 84' lang='lat' dir='ltr'>ista—</span> 
     </span>
     <span class='ocr_line' id='line_1_22' title="bbox 65 1512 1408 1563; baseline 0.009 -21"><span class='ocrx_word' id='word_1_188' title='bbox 65 1523 137 1542; x_wconf 87' lang='lat' dir='ltr'>rum</span> <span class='ocrx_word' id='word_1_189' title='bbox 150 1512 291 1554; x_wconf 84' lang='lat' dir='ltr'>partium</span> <span class='ocrx_word' id='word_1_190' title='bbox 305 1512 433 1543; x_wconf 83' lang='lat' dir='ltr'>laesione</span> <span class='ocrx_word' id='word_1_191' title='bbox 449 1513 605 1545; x_wconf 89' lang='lat' dir='ltr'>resultant</span> <span class='ocrx_word' id='word_1_192' title='bbox 616 1515 760 1547; x_wconf 86' lang='lat' dir='ltr'>effectus.</span> <span class='ocrx_word' id='word_1_193' title='bbox 777 1516 811 1547; x_wconf 89' lang='lat' dir='ltr'>Si</span> <span class='ocrx_word' id='word_1_194' title='bbox 825 1517 1047 1560; x_wconf 83' lang='lat' dir='ltr'>sanguiferum</span> <span class='ocrx_word' id='word_1_195' title='bbox 1058 1525 1197 1562; x_wconf 72' lang='lat' dir='ltr'>systema</span> <span class='ocrx_word' id='word_1_196' title='bbox 1210 1532 1275 1563; x_wconf 87' lang='lat' dir='ltr'>prae</span> <span class='ocrx_word' id='word_1_197' title='bbox 1287 1523 1408 1554; x_wconf 82' lang='lat' dir='ltr'>caeteris</span> 
     </span>
     <span class='ocr_line' id='line_1_23' title="bbox 65 1565 1406 1616; baseline 0.009 -20"><span class='ocrx_word' id='word_1_198' title='bbox 65 1566 242 1605; x_wconf 82' lang='lat' dir='ltr'>sauciatur,</span> <span class='ocrx_word' id='word_1_199' title='bbox 262 1565 494 1610; x_wconf 72' lang='lat' dir='ltr'>haemorrliagia</span> <span class='ocrx_word' id='word_1_200' title='bbox 517 1567 741 1612; x_wconf 87' lang='lat' dir='ltr'>subsequitur,</span> <span class='ocrx_word' id='word_1_201' title='bbox 765 1581 837 1613; x_wconf 87' lang='lat' dir='ltr'>quae</span> <span class='ocrx_word' id='word_1_202' title='bbox 857 1583 915 1614; x_wconf 89' lang='lat' dir='ltr'>pro</span> <span class='ocrx_word' id='word_1_203' title='bbox 935 1573 1159 1616; x_wconf 87' lang='lat' dir='ltr'>magnitudine</span> <span class='ocrx_word' id='word_1_204' title='bbox 1182 1586 1329 1608; x_wconf 87' lang='lat' dir='ltr'>vasorum</span> <span class='ocrx_word' id='word_1_205' title='bbox 1349 1577 1406 1608; x_wconf 87' lang='lat' dir='ltr'>ab—</span> 
     </span>
     <span class='ocr_line' id='line_1_24' title="bbox 64 1619 1406 1669; baseline 0.01 -20"><span class='ocrx_word' id='word_1_206' title='bbox 64 1619 234 1651; x_wconf 89' lang='lat' dir='ltr'>scissorum</span> <span class='ocrx_word' id='word_1_207' title='bbox 265 1619 381 1663; x_wconf 87' lang='lat' dir='ltr'>major,</span> <span class='ocrx_word' id='word_1_208' title='bbox 409 1621 554 1653; x_wconf 86' lang='lat' dir='ltr'>minorve</span> <span class='ocrx_word' id='word_1_209' title='bbox 582 1624 668 1654; x_wconf 86' lang='lat' dir='ltr'>erit:</span> <span class='ocrx_word' id='word_1_210' title='bbox 701 1624 751 1655; x_wconf 88' lang='lat' dir='ltr'>sin</span> <span class='ocrx_word' id='word_1_211' title='bbox 775 1635 793 1655; x_wconf 89' lang='lat' dir='ltr'>e</span> <span class='ocrx_word' id='word_1_212' title='bbox 816 1631 924 1657; x_wconf 87' lang='lat' dir='ltr'>contra</span> <span class='ocrx_word' id='word_1_213' title='bbox 956 1632 1091 1669; x_wconf 79' lang='lat' dir='ltr'>systema</span> <span class='ocrx_word' id='word_1_214' title='bbox 1115 1627 1345 1662; x_wconf 86' lang='lat' dir='ltr'>bronchiorum</span> <span class='ocrx_word' id='word_1_215' title='bbox 1371 1632 1406 1663; x_wconf 88' lang='lat' dir='ltr'>in</span> 
     </span>
     <span class='ocr_line' id='line_1_25' title="bbox 62 1673 1405 1726; baseline 0.009 -22"><span class='ocrx_word' id='word_1_216' title='bbox 62 1673 120 1705; x_wconf 64' lang='lat' dir='ltr'>sua</span> <span class='ocrx_word' id='word_1_217' title='bbox 139 1674 352 1706; x_wconf 85' lang='lat' dir='ltr'>continuitate</span> <span class='ocrx_word' id='word_1_218' title='bbox 372 1675 594 1719; x_wconf 85' lang='lat' dir='ltr'>intercipitur,</span> <span class='ocrx_word' id='word_1_219' title='bbox 614 1678 745 1721; x_wconf 86' lang='lat' dir='ltr'>sanguis</span> <span class='ocrx_word' id='word_1_220' title='bbox 758 1690 822 1710; x_wconf 90' lang='lat' dir='ltr'>non</span> <span class='ocrx_word' id='word_1_221' title='bbox 845 1679 899 1719; x_wconf 63' lang='lat' dir='ltr'>ea,</span> <span class='ocrx_word' id='word_1_222' title='bbox 921 1680 983 1723; x_wconf 67' lang='lat' dir='ltr'>qua</span> <span class='ocrx_word' id='word_1_223' title='bbox 1005 1680 1113 1721; x_wconf 86' lang='lat' dir='ltr'>decet,</span> <span class='ocrx_word' id='word_1_224' title='bbox 1130 1684 1211 1713; x_wconf 71' lang='lat' dir='ltr'>aeris</span> <span class='ocrx_word' id='word_1_225' title='bbox 1226 1685 1405 1726; x_wconf 84' lang='lat' dir='ltr'>quantitate</span> 
     </span>
     <span class='ocr_line' id='line_1_26' title="bbox 61 1728 1403 1778; baseline 0.008 -20"><span class='ocrx_word' id='word_1_226' title='bbox 61 1728 222 1768; x_wconf 79' lang='lat' dir='ltr'>reficitur,</span> <span class='ocrx_word' id='word_1_227' title='bbox 243 1728 362 1772; x_wconf 90' lang='lat' dir='ltr'>hicque</span> <span class='ocrx_word' id='word_1_228' title='bbox 384 1735 536 1771; x_wconf 84' lang='lat' dir='ltr'>praeterea</span> <span class='ocrx_word' id='word_1_229' title='bbox 557 1732 626 1771; x_wconf 68' lang='lat' dir='ltr'>aer,</span> <span class='ocrx_word' id='word_1_230' title='bbox 653 1732 716 1775; x_wconf 66' lang='lat' dir='ltr'>qua</span> <span class='ocrx_word' id='word_1_231' title='bbox 738 1732 810 1764; x_wconf 71' lang='lat' dir='ltr'>data</span> <span class='ocrx_word' id='word_1_232' title='bbox 832 1733 940 1776; x_wconf 59' lang='lat' dir='ltr'>porta,</span> <span class='ocrx_word' id='word_1_233' title='bbox 961 1735 994 1765; x_wconf 92' lang='lat' dir='ltr'>in</span> <span class='ocrx_word' id='word_1_234' title='bbox 1015 1734 1167 1767; x_wconf 85' lang='lat' dir='ltr'>Thoracis</span> <span class='ocrx_word' id='word_1_235' title='bbox 1184 1748 1299 1769; x_wconf 87' lang='lat' dir='ltr'>cavum</span> <span class='ocrx_word' id='word_1_236' title='bbox 1322 1740 1403 1778; x_wconf 79' lang='lat' dir='ltr'>ruit,</span> 
     </span>
     <span class='ocr_line' id='line_1_27' title="bbox 62 1782 1402 1834; baseline 0.008 -22"><span class='ocrx_word' id='word_1_237' title='bbox 62 1793 179 1825; x_wconf 84' lang='lat' dir='ltr'>organa</span> <span class='ocrx_word' id='word_1_238' title='bbox 201 1782 267 1814; x_wconf 86' lang='lat' dir='ltr'>illic</span> <span class='ocrx_word' id='word_1_239' title='bbox 287 1783 410 1815; x_wconf 82' lang='lat' dir='ltr'>inclusa</span> <span class='ocrx_word' id='word_1_240' title='bbox 431 1784 575 1824; x_wconf 82' lang='lat' dir='ltr'>vellicat,</span> <span class='ocrx_word' id='word_1_241' title='bbox 595 1785 716 1826; x_wconf 86' lang='lat' dir='ltr'>irritat,</span> <span class='ocrx_word' id='word_1_242' title='bbox 739 1786 931 1827; x_wconf 75' lang='lat' dir='ltr'>inflammat,</span> <span class='ocrx_word' id='word_1_243' title='bbox 953 1789 987 1819; x_wconf 88' lang='lat' dir='ltr'>iu</span> <span class='ocrx_word' id='word_1_244' title='bbox 1008 1789 1104 1820; x_wconf 81' lang='lat' dir='ltr'>telam</span> <span class='ocrx_word' id='word_1_245' title='bbox 1126 1789 1308 1822; x_wconf 84' lang='lat' dir='ltr'>cellulosam</span> <span class='ocrx_word' id='word_1_246' title='bbox 1326 1803 1402 1834; x_wconf 87' lang='lat' dir='ltr'>pro-</span> 
     </span>
     <span class='ocr_line' id='line_1_28' title="bbox 61 1836 1403 1888; baseline 0.007 -22"><span class='ocrx_word' id='word_1_247' title='bbox 61 1837 176 1878; x_wconf 88' lang='lat' dir='ltr'>serpit,</span> <span class='ocrx_word' id='word_1_248' title='bbox 204 1836 350 1880; x_wconf 71' lang='lat' dir='ltr'>undiq‘ue</span> <span class='ocrx_word' id='word_1_249' title='bbox 371 1839 510 1882; x_wconf 82' lang='lat' dir='ltr'>corporis</span> <span class='ocrx_word' id='word_1_250' title='bbox 535 1839 725 1882; x_wconf 81' lang='lat' dir='ltr'>divagatur,</span> <span class='ocrx_word' id='word_1_251' title='bbox 757 1841 1063 1885; x_wconf 85' lang='lat' dir='ltr'>emphysemateque</span> <span class='ocrx_word' id='word_1_252' title='bbox 1092 1843 1233 1885; x_wconf 79' lang='lat' dir='ltr'>generali</span> <span class='ocrx_word' id='word_1_253' title='bbox 1260 1847 1403 1888; x_wconf 82' lang='lat' dir='ltr'>organis—</span> 
     </span>
     <span class='ocr_line' id='line_1_29' title="bbox 60 1890 1400 1940; baseline 0.008 -20"><span class='ocrx_word' id='word_1_254' title='bbox 60 1901 151 1921; x_wconf 88' lang='lat' dir='ltr'>mum</span> <span class='ocrx_word' id='word_1_255' title='bbox 182 1890 298 1922; x_wconf 83' lang='lat' dir='ltr'>afficit:</span> <span class='ocrx_word' id='word_1_256' title='bbox 328 1891 464 1923; x_wconf 87' lang='lat' dir='ltr'>vulnera</span> <span class='ocrx_word' id='word_1_257' title='bbox 494 1893 624 1925; x_wconf 87' lang='lat' dir='ltr'>tandem</span> <span class='ocrx_word' id='word_1_258' title='bbox 659 1905 732 1937; x_wconf 85' lang='lat' dir='ltr'>quae</span> <span class='ocrx_word' id='word_1_259' title='bbox 761 1896 929 1938; x_wconf 89' lang='lat' dir='ltr'>proprium</span> <span class='ocrx_word' id='word_1_260' title='bbox 961 1896 1176 1939; x_wconf 84' lang='lat' dir='ltr'>parenehyma</span> <span class='ocrx_word' id='word_1_261' title='bbox 1207 1898 1400 1940; x_wconf 85' lang='lat' dir='ltr'>pulmonum</span> 
     </span>
     <span class='ocr_line' id='line_1_30' title="bbox 59 1944 1399 1991; baseline 0.008 -19"><span class='ocrx_word' id='word_1_262' title='bbox 59 1948 188 1982; x_wconf 80' lang='lat' dir='ltr'>secant,</span> <span class='ocrx_word' id='word_1_263' title='bbox 217 1954 282 1974; x_wconf 89' lang='lat' dir='ltr'>non</span> <span class='ocrx_word' id='word_1_264' title='bbox 310 1944 354 1975; x_wconf 89' lang='lat' dir='ltr'>ita</span> <span class='ocrx_word' id='word_1_265' title='bbox 381 1945 513 1988; x_wconf 90' lang='lat' dir='ltr'>quidem</span> <span class='ocrx_word' id='word_1_266' title='bbox 545 1953 621 1978; x_wconf 85' lang='lat' dir='ltr'>sunt</span> <span class='ocrx_word' id='word_1_267' title='bbox 650 1948 851 1991; x_wconf 84' lang='lat' dir='ltr'>periculosa,</span> <span class='ocrx_word' id='word_1_268' title='bbox 880 1948 1054 1981; x_wconf 85' lang='lat' dir='ltr'>substantia</span> <span class='ocrx_word' id='word_1_269' title='bbox 1082 1951 1168 1982; x_wconf 86' lang='lat' dir='ltr'>enim</span> <span class='ocrx_word' id='word_1_270' title='bbox 1195 1951 1264 1983; x_wconf 84' lang='lat' dir='ltr'>haec</span> <span class='ocrx_word' id='word_1_271' title='bbox 1290 1955 1399 1985; x_wconf 71' lang='lat' dir='ltr'>sensus</span> 
     </span>
     <span class='ocr_line' id='line_1_31' title="bbox 59 1996 1397 2049; baseline 0.009 -23"><span class='ocrx_word' id='word_1_272' title='bbox 59 1996 211 2039; x_wconf 74' lang='lat' dir='ltr'>exquisiti</span> <span class='ocrx_word' id='word_1_273' title='bbox 228 2007 342 2039; x_wconf 80' lang='lat' dir='ltr'>expers</span> <span class='ocrx_word' id='word_1_274' title='bbox 356 2004 419 2038; x_wconf 88' lang='lat' dir='ltr'>est,</span> <span class='ocrx_word' id='word_1_275' title='bbox 431 1999 518 2031; x_wconf 87' lang='lat' dir='ltr'>haud</span> <span class='ocrx_word' id='word_1_276' title='bbox 533 2000 626 2032; x_wconf 87' lang='lat' dir='ltr'>facile</span> <span class='ocrx_word' id='word_1_277' title='bbox 637 2001 888 2036; x_wconf 82' lang='lat' dir='ltr'>inflammatione</span> <span class='ocrx_word' id='word_1_278' title='bbox 899 2004 1087 2047; x_wconf 85' lang='lat' dir='ltr'>corripitur,</span> <span class='ocrx_word' id='word_1_279' title='bbox 1100 2016 1172 2048; x_wconf 83' lang='lat' dir='ltr'>quae</span> <span class='ocrx_word' id='word_1_280' title='bbox 1188 2006 1397 2049; x_wconf 57' lang='lat' dir='ltr'>phaenomena</span> 
     </span>
    </p>

    <p class='ocr_par' dir='ltr' id='par_1_4' title="bbox 393 2073 1079 2085">
     <span class='ocr_line' id='line_1_32' title="bbox 393 2073 1079 2085; baseline 0.009 -7"><span class='ocrx_word' id='word_1_281' title='bbox 393 2073 1079 2085; x_wconf 52' lang='lat' dir='ltr'>m</span> 
     </span>
    </p>
   </div>
   <div class='ocr_carea' id='block_1_4' title="bbox 117 2110 1009 2147">
    <p class='ocr_par' dir='ltr' id='par_1_5' title="bbox 117 2110 1009 2147">
     <span class='ocr_line' id='line_1_33' title="bbox 117 2110 1009 2147; baseline 0.008 -15"><span class='ocrx_word' id='word_1_282' title='bbox 117 2111 162 2140; x_wconf 81' lang='grc'>(1)</span> <span class='ocrx_word' id='word_1_283' title='bbox 178 2110 313 2142; x_wconf 80' lang='lat' dir='ltr'>Plouquet,</span> <span class='ocrx_word' id='word_1_284' title='bbox 333 2116 466 2135; x_wconf 82' lang='lat' dir='ltr'>comment.</span> <span class='ocrx_word' id='word_1_285' title='bbox 485 2113 552 2136; x_wconf 86' lang='lat' dir='ltr'>med.</span> <span class='ocrx_word' id='word_1_286' title='bbox 573 2113 599 2137; x_wconf 87' lang='lat' dir='ltr'>in</span> <span class='ocrx_word' id='word_1_287' title='bbox 616 2122 718 2144; x_wconf 84' lang='lat' dir='ltr'>process.</span> <span class='ocrx_word' id='word_1_288' title='bbox 738 2116 854 2144; x_wconf 82' lang='lat' dir='ltr'>crimin.‚</span> <span class='ocrx_word' id='word_1_289' title='bbox 878 2124 933 2147; x_wconf 78' lang='lat' dir='ltr'>pag.</span> <span class='ocrx_word' id='word_1_290' title='bbox 957 2117 1009 2146; x_wconf 79' lang='lat'>¹39·</span> 
     </span>
    </p>
   </div>
  </div>
 </body>
</html>
