1747 2620
911 273 1025 316 (90)

298 346 355 389 qui
376 357 415 378 ex
435 346 578 390 ejusdem
600 347 722 378 arteriis
742 346 822 378 Iaesis
843 346 991 389 profluit,
1013 348 1096 378 inter
1117 347 1222 390 ipsum
1244 353 1276 378 et
1297 359 1350 379 cor
1372 347 1554 391 colligatur,
1575 349 1634 379 sti-

298 400 508 432 mulationem
524 401 589 432 illic
603 407 766 440 exerceat,
779 412 850 444 quae
866 400 988 431 nullam
1002 400 1245 432 medicationem
1262 401 1402 432 admittit
1414 407 1446 433 et
1461 401 1635 433 horrendas

298 454 407 485 turbas
426 466 555 485 causare
578 460 690 497 potest.
716 454 885 496 Quidquid
906 454 939 485 id
960 461 1023 493 est⁷
1046 461 1214 486 auctorum
1237 456 1398 488 variorum
1415 456 1635 488 dissentientes

298 509 463 551 opiniones
484 509 566 539 circa
588 508 670 539 hanc
689 519 756 539 rem
778 507 1033 550 comparabimus
1056 509 1358 553 perpendemusque
1383 515 1416 541 et
1440 509 1635 543 observatio-

298 562 392 593 nibus
414 562 515 593 allatis
540 562 591 594 vel
611 562 809 606 rejiciemus,
833 562 883 593 vel
906 563 1149 606 amplectemur.

342 617 459 647 Mirum
486 617 518 647 in
548 617 677 648 modum
703 617 883 660 discrepant
908 618 987 649 varii
1013 623 1158 649 auctores
1182 618 1264 648 circa
1289 617 1424 660 gradum
1450 616 1635 659 lethalitatis

298 670 471 702 vulnerum
494 671 679 713 pericardii3
703 677 779 702 sunt
804 672 891 702 enim
910 672 1058 715 quidam,
1083 678 1115 703 et
1134 672 1311 715 praesertim
1334 678 1472 711 veteres,
1494 673 1551 715 qui
1571 672 1637 703 hu·-

298 723 386 768 jusce
407 723 548 755 laesiones
572 726 748 756 necessario
768 725 901 757 lethales
924 736 990 757 esse
1012 727 1249 768 pronunciant,
1272 726 1421 769 hancque
1445 726 1637 757 sententiam

298 779 444 820 sequitur
459 778 506 820 (1)
524 778 695 818 Rondelet,
713 785 745 810 et
760 779 922 811 Fabricius
938 779 977 810 ab
993 780 1248 823 Aquapendente
1263 786 1295 811 et
1313 780 1488 823 ipsissimus
1503 778 1636 810 Fodere.

297 832 361 862 Alii
385 839 493 863 autem
516 839 553 863 ut
575 833 777 864 Hebenstreit
792 834 856 876 (2),
877 834 1021 866 Bohnius
1036 834 1099 877 (3),
1119 834 1236 866 Mahon
1252 834 1299 877 (4)
1319 834 1372 865 illa
1389 846 1446 877 per
1461 845 1493 865 se
1507 833 1637 865 lethalia

297 885 470 916 declarant.
503 886 642 929 Metzger
667 886 808 930 denique
828 888 876 930 (5)
906 889 1072 920 contendit
1097 888 1276 920 istiusmodi
1301 888 1450 928 vulnera,
1481 899 1545 919 non
1576 888 1637 918 nisi

297 950 354 982 per
375 940 520 970 accidens
541 940 670 971 lethalia
693 952 770 972 esse.

342 994 524 1036 Antequam
555 993 595 1025 ad
624 994 679 1025 has
704 995 870 1037 opiniones
898 994 1144 1038 perscrutandas
1172 1007 1228 1026 nos
1256 995 1477 1038 accingamus,
1506 1004 1639 1025 monere

296 1046 410 1086 liceat,
434 1048 486 1078 vix
508 1059 597 1090 posse
617 1049 787 1090 separatim
809 1049 945 1081 vulnere
966 1049 1047 1080 affici
1068 1049 1299 1092 pericardium,
1321 1050 1401 1092 quin
1420 1048 1532 1080 eodem
1554 1053 1639 1079 tem-

297 1112 391 1144 pore,
411 1101 463 1132 vel
483 1112 536 1132 cor
557 1102 610 1132 cui
626 1103 816 1145 contiguum
836 1109 899 1143 est,
916 1103 967 1135 vel
986 1103 1171 1146 pulmoneS,
1189 1103 1241 1136 vel
1260 1116 1331 1136 vasa
1349 1103 1499 1147 quaedam
1519 1101 1638 1146 majora

298 1154 492 1198 quibuscum
519 1155 553 1186 in
579 1155 694 1186 vicinia
720 1157 868 1198 ponitur,
894 1157 1063 1200 insigniter
1085 1157 1260 1197 laedantur,
1282 1157 1399 1189 exinde
1424 1158 1493 1188 fere
1513 1167 1639 1199 semper

297 1208 532 1251 complicantur
560 1209 628 1240 haec
654 1209 788 1241 vulnera
815 1217 848 1241 et
872 1222 911 1241 ex
938 1212 1094 1253 gravitate
1121 1211 1372 1254 complicationis
1399 1211 1503 1254 surgit
1533 1211 1641 1241 minus

296 1261 441 1306 majusve
467 1262 667 1305 periculum,
698 1263 752 1294 sed
776 1263 830 1294 hic
853 1265 1066 1306 supponimus
1090 1265 1194 1296 solum
1219 1265 1434 1308 pericardium
1460 1265 1639 1295 sauciatum

297 1316 412 1356 fuisse,
440 1323 472 1348 et
492 1317 581 1348 nulla
603 1329 738 1359 organa,
765 1318 825 1349 nisi
846 1318 998 1349 Thoracis
1023 1319 1176 1362 parietes,
1200 1319 1257 1362 qui
1283 1318 1459 1350 necessario
1485 1316 1640 1349 transfodi

297 1370 416 1402 debent
438 1377 475 1402 ut
498 1371 714 1414 pericardium
741 1372 855 1415 attingi
879 1373 993 1416 possit,
1020 1372 1092 1404 laesa
1116 1373 1226 1404 fuisse.
1257 1372 1307 1404 Ad
1331 1384 1465 1416 scopum
1492 1377 1640 1404 nostrum

297 1436 385 1456 nunc
411 1432 620 1457 revertamus..

342 1479 537 1522 Opinionem
563 1480 717 1522 primam,
745 1491 817 1523 quae
841 1479 963 1511 scilicet
987 1479 1122 1512 vulnera
1143 1479 1315 1523 pericardii
1341 1478 1484 1510 absolute
1509 1478 1638 1510 lethalia

299 1531 455 1572 declarat,
483 1534 579 1564 nimis
603 1528 760 1565 audacter'
776 1534 874 1565 fuisse
896 1535 1089 1577 propositam
1113 1533 1291 1573 credimus3
1313 1533 1434 1564 etenim
1459 1538 1498 1564 ut
1520 1532 1641 1564 vulnus

301 1597 319 1617 e
330 1587 515 1618 necessitate
531 1587 719 1619 lethiferum
735 1587 888 1620 declarari
900 1589 1012 1631 possit,
1029 1594 1153 1631 oportet
1169 1594 1205 1619 ut
1217 1587 1305 1619 nulla
1317 1588 1456 1630 supersit
1470 1587 1640 1617 sanationis

299 1650 385 1683 spes3
410 1652 495 1671 mors
514 1641 602 1672 haud
624 1642 760 1673 arcenda
781 1642 917 1673 laesionis
936 1641 1066 1685 sequela
1089 1641 1184 1673 debet
1202 1652 1284 1682 esse,
1308 1641 1433 1673 nullam
1451 1640 1640 1672 medicatio—

299 1705 373 1725 nem
401 1694 570 1725 admittere
591 1695 710 1727 vulnus
735 1702 856 1739 potest:
883 1703 930 1728 ast
950 1697 1115 1728 enimvero
1138 1697 1304 1728 sententiis
1331 1696 1526 1739 optimorum
1552 1695 1640 1727 viro-

299 1760 388 1788 rum,
407 1749 464 1792 qui
485 1760 607 1792 magnae
624 1756 701 1781 sunt
717 1751 750 1781 in
766 1750 929 1795 chirurgia
945 1752 1158 1791 auctoritatis,
1176 1748 1515 1792 observationibusque
1530 1747 1641 1780 multis

299 1808 403 1845 patet,
427 1801 562 1846 hujusce
583 1804 693 1847 organi
713 1804 847 1837 vulnera
869 1807 1045 1838 necessario
1065 1806 1195 1838 lethalia
1213 1817 1277 1837 non
1298 1815 1380 1845 esse,
1405 1809 1438 1836 et
1452 1803 1640 1842 medicatio-

361 1930 405 1958 (ι)
421 1928 555 1957 Rondelet,
570 1929 599 1952 de
615 1929 679 1960 diag.
697 1930 775 1952 morb.
790 1930 820 1953 ab
834 1930 1042 1962 Aquapeudeute,
1058 1931 1164 1961 chirurg-
1177 1929 1279 1958 Fodeoe,
1293 1928 1311 1952 1.
1326 1928 1358 1958 l.‚
1375 1932 1435 1951 tom.
1453 1928 1500 1950 111.
1517 1925 1636 1957 pag-335·

362 1969 406 1997 (2)
425 1968 544 1991 Medicina
562 1969 610 1999 leg.
623 1987 628 1997 ‚
649 1977 705 2000 pag.
724 1970 779 1992 482.

362 2009 406 2037 (3)
422 2008 616 2032 Renunciatione
632 2010 776 2038 vulnerum,
797 2017 850 2040 pag.
868 2009 998 2033 260-482.

361 2049 403 2077 (4)
422 2049 488 2071 Me'd.
508 2050 572 2080 le'g.,
593 2054 653 2072 tom.
674 2052 711 2073 II.
733 2058 790 2081 pag.
814 2058 866 2074 ιοι.

361 2089 404 2118 (5)
422 2089 452 2111 L.
471 2089 509 2116 l.,
527 2097 584 2120 pag.
605 2089 657 2119 137.
