1747 2620
886 248 997 292 (30)

284 332 413 363 demum
440 327 576 360 stadium
601 326 682 359 illud
710 331 757 357 est
783 322 868 368 quod
894 322 1092 366 inspirationi
1120 322 1221 353 anxiae
1247 321 1437 365 respondem
1468 334 1530 354 non
1555 323 1608 356 hic

283 383 446 416 sufficiunt
465 380 711 424 diaphragmatis
734 385 986 420 caeterorumque
1008 376 1225 408 musculorum
1241 376 1412 415 relaxatio,
1435 377 1610 420 requiritur

282 443 434 481 praeterea
455 436 557 467 omnis
577 435 624 466 vis
644 433 864 464 musculorum
885 431 1169 473 expiratoriorum3
1190 430 1224 460 in
1245 435 1356 472 pectus
1376 429 1496 461 scilicet
1515 441 1610 473 agere

284 491 401 523 debent
421 489 593 532 quadratus
614 486 818 524 lumborum,
844 484 943 528 major
962 490 994 515 et
1020 484 1122 515 minor
1142 482 1306 526 obliquus,
1332 489 1529 515 transversus
1552 484 1610 515 ab-

285 545 431 576 dominus
453 548 485 573 et
510 541 616 572 caeteri
642 538 778 570 musculi
807 538 846 569 ad
875 537 1030 569 abdomen
1056 537 1272 579 pertinentes3
1297 536 1360 581 jam
1382 538 1473 568 costis
1501 537 1611 580 depri-

284 597 407 629 mendis
431 606 495 626 non
523 594 686 626 sufficiunt
713 591 948 630 intercostaleS,
979 590 1108 621 accedat
1132 601 1258 621 necesse
1285 596 1331 621 est
1357 591 1439 621 actio
1463 591 1610 633 quadrati

285 650 469 683 lumborum
494 654 527 679 et
548 647 698 679 binorum
723 646 945 688 obliquorum,
978 649 1076 675 costas
1101 649 1137 675 ut
1157 643 1307 674 inferiora
1332 655 1440 675 versus
1462 644 1609 683 trahant3

286 703 423 736 musculi
447 708 600 746 praeterea
624 700 800 732 abdominis
823 699 971 730 intestina
993 703 1165 740 premunt,
1196 707 1267 739 quae
1291 707 1418 727 sursum
1439 697 1472 727 in
1500 703 1612 740 pectus

286 758 453 789 elevantur
473 762 505 787 et
520 756 564 786 sic
584 754 712 796 quidem
732 754 913 795 conspirant
931 757 968 782 ut
986 752 1121 793 pectoris
1138 762 1252 781 cavum
1272 749 1487 789 diminuatur,
1508 756 1545 782 ut
1559 752 1614 783 ae'r

287 822 305 842 e
320 809 526 854 pulmonibus
541 808 676 851 exprimi
693 808 798 850 possit.
823 807 870 837 Ex
890 805 939 836 his
960 816 1031 848 quae
1053 803 1114 847 jam
1137 802 1175 834 de
1195 803 1286 833 anxi-21
1308 808 1375 834 tam
1391 803 1612 845 inspiratione,

270 867 384 907 'quam
410 863 606 905 expiratione
634 860 772 891 diximus
800 864 947 901 apparet,
978 869 1074 900 quam
1103 858 1165 887 sint
1192 856 1316 887 infandi
1342 857 1522 896 cruciatus,
1557 857 1614 899 qui

288 918 417 947 miseros
447 917 491 946 sic
522 925 622 956 aegros
648 912 801 944 afficiunt.
832 911 914 942 Cum
939 910 1072 941 Bichato
1097 910 1149 940 hic
1173 921 1340 952 possumus
1358 909 1495 953 adjicere
1525 921 1616 941 mus-

289 969 368 1001 culis
405 968 612 1011 respiratione
645 963 891 997 insenientibus
922 969 954 995 et
986 963 1185 1006 potissimum
1223 962 1456 1005 diaphragmati
1494 962 1616 1005 aliquid

289 1021 450 1066 peculiare
464 1045 472 1060 ,
498 1026 529 1051 et
550 1032 567 1050 a
589 1019 702 1050 natura
724 1029 820 1061 quam
839 1017 1068 1060 sapientissime
1093 1015 1223 1058 quidem
1244 1016 1407 1058 provisum
1431 1016 1551 1054 inesse,
1582 1016 1617 1046 in

290 1076 479 1106 continuum
503 1083 620 1115 nempe
645 1077 768 1103 motum
791 1076 957 1103 versantur
981 1075 1014 1100 et
1033 1080 1221 1112 nunquam,
1250 1069 1299 1100 uti
1324 1069 1430 1100 caeteri
1459 1068 1615 1109 musculi,

291 1127 474 1159 lassitudine
498 1126 730 1168 corripiuntur,
751 1125 794 1155 ita
814 1130 852 1156 ut
872 1135 912 1155 ne
933 1124 1098 1154 minimam
1122 1122 1253 1165 quidem
1271 1122 1548 1153 intermittentiam
1563 1133 1619 1153 ac—

292 1182 385 1212 tionis
407 1180 563 1219 habeant,
595 1185 628 1210 et
651 1190 716 1209 non
741 1178 860 1221 possint
890 1176 1023 1217 habere,
1053 1178 1131 1219 quin
1153 1175 1339 1219 asphyxiam
1364 1176 1399 1207 in
1423 1176 1619 1207 OEconomia

292 1233 420 1266 animali
443 1233 666 1263 determinent.

336 1287 440 1319 Motus
463 1286 590 1329 quidam
609 1296 666 1328 per
685 1284 844 1316 musculos
862 1284 998 1327 pectoris
1015 1283 1289 1323 determinantur,
1309 1283 1365 1325 qui
1384 1293 1458 1313 cum
1483 1283 1620 1324 inspira-

293 1343 394 1380 tione,
415 1339 465 1371 vel
485 1339 699 1382 expiratione,
725 1338 776 1370 vel
797 1349 871 1369 cum
896 1343 1034 1380 utraque
1055 1336 1237 1376 cohaerent3
1262 1335 1301 1366 ad
1326 1333 1461 1378 primam
1482 1336 1620 1377 speciem

295 1395 482 1426 reseruntur
502 1393 691 1435 suspirium,
711 1392 868 1431 oscitatio,
885 1391 1008 1430 succio,
1023 1390 1139 1430 nixus3
1163 1389 1201 1420 ad
1217 1388 1390 1420 secundam
1413 1389 1506 1420 tussis
1525 1394 1622 1430 atque

294 1447 498 1486 sternutatio,
517 1446 555 1477 ad
566 1446 691 1477 tertiam
705 1445 833 1476 demum
850 1443 1025 1482 anhelitus,
1042 1444 1140 1483 risus,
1157 1442 1312 1485 ploratus,
1328 1441 1498 1484 singultus.
1510 1441 1623 1472 Varios

296 1502 328 1531 in
346 1500 522 1531 oeconomi-21
545 1510 619 1530 usus
639 1499 718 1529 varii
736 1498 770 1529 hi
790 1504 894 1529 motus
914 1496 1049 1536 habent,
1079 1495 1250 1538 suspirium
1271 1505 1408 1537 nempe,
1430 1494 1571 1524 oscitatio
1590 1499 1624 1525 et

297 1553 456 1584 anhelitus
476 1552 729 1583 determinantur
751 1551 885 1595 quadam
910 1549 1123 1582 circulationis
1147 1548 1373 1587 abnormitate,
1398 1552 1431 1578 et
1450 1547 1483 1577 id
1504 1546 1623 1578 habent

299 1606 461 1645 utilitatis,
486 1612 522 1636 ut
543 1605 663 1636 scilicet
683 1605 834 1648 majorem
857 1605 891 1635 in
916 1603 1121 1647 pulmonibus
1145 1603 1225 1633 aeris
1253 1602 1375 1644 copiam
1401 1601 1623 1643 impellentes,

301 1659 450 1702 majorem
469 1659 562 1689 etiam
579 1658 740 1700 sanguinis
756 1657 862 1689 venosi
878 1658 1088 1699 quantitatem
1109 1657 1259 1687 reficiunt
1279 1666 1419 1697 eumque
1436 1655 1624 1686 arteriosum

300 1712 455 1751 reddunt,
492 1712 583 1742 tussis
612 1717 644 1741 et
669 1713 856 1742 sternutatio
887 1710 1103 1742 membranam
1128 1721 1290 1741 mucosam
1316 1709 1368 1741 vel
1396 1708 1625 1740 bronchiorum

300 1766 351 1798 rel
373 1766 498 1796 narium
513 1776 530 1795 a
549 1765 732 1807 corporibus
753 1766 891 1796 externis
911 1766 944 1796 in
962 1765 1037 1807 ipsis
1056 1764 1155 1796 obviis
1176 1763 1328 1802 liberant3
1345 1762 1504 1805 singultus
1521 1767 1626 1793 motus

302 1819 451 1852 videntur
472 1829 559 1849 mere
577 1818 762 1861 spasmodici
783 1818 863 1849 nihil
885 1830 941 1861 pro
960 1819 1165 1861 respiratione
1185 1817 1347 1847 facientes.
1374 1814 1513 1848 Musculi
1529 1815 1625 1845 etiam

303 1873 431 1916 quidam
455 1873 589 1915 pectoris
609 1873 752 1914 regiones
775 1874 874 1904 varias
897 1878 1105 1915 occupantes,
1127 1870 1248 1913 aliquid
1269 1875 1419 1913 praestant
1436 1870 1470 1900 in
1489 1867 1626 1900 motibus

303 1927 540 1958 extremitatum
563 1927 780 1968 superiorum,
801 1926 855 1956 sed
877 1937 979 1969 quum
1000 1925 1034 1956 hi
1050 1924 1151 1956 nihilo
1171 1924 1211 1956 ad
1229 1929 1374 1955 nostrum
1388 1933 1520 1965 scopum
1534 1931 1626 1964 spec-

304 1987 387 2021 tant,
412 1980 499 2012 nulla
520 1980 559 2011 de
581 1980 628 2010 his
648 1981 701 2011 fiet
726 1981 855 2011 mentio.
1229 1981 1231 1984 ⁴
