1747 2620
687 261 824 304 (109)

128 336 225 376 Quod
247 337 286 369 ad
308 338 397 381 prius
416 334 657 368 incommodum
678 336 809 374 attinet,
835 341 873 367 ut
897 337 958 367 rite
981 337 1176 380 explicetur,
1199 349 1239 369 ex
1265 340 1422 372 anatomia

84 392 226 434 generali
241 403 394 423 eruemus
405 391 614 435 proprietates
627 389 739 422 vitales
752 389 869 421 horum
885 401 1092 433 organorum:
1106 391 1298 423 membranae
1314 404 1424 425 serosae

85 445 202 476 eximia
217 445 423 477 sensibilitate
439 456 503 476 non
523 444 699 483 donantur,
722 449 858 474 testante
879 443 994 475 Bichat
1013 444 1071 486 (1).
1098 445 1190 476 Istius
1210 447 1317 477 asserti
1335 449 1425 478 testi-

86 500 192 530 monia
213 500 247 530 in
269 498 484 530 animantibus
504 498 680 530 vivi—sectis
700 497 924 540 reperiuntur,
948 509 1020 540 quae
1043 498 1232 541 aliquando,
1256 500 1346 540 nullo
1368 501 1425 532 do-

85 552 153 584 lore
178 559 346 596 percepto,
369 564 425 584 sua
450 553 577 595 propria
603 552 752 583 intestina
773 558 806 583 et
829 552 945 583 horum
968 553 1174 585 involucrum
1197 553 1372 586 dilacerant
1395 561 1427 586 et

85 606 257 638 devorant:
279 613 312 637 at
335 607 422 638 enim
445 618 520 638 vero
545 608 691 650 protinus
713 618 750 637 ac
775 607 808 637 in
836 612 1018 637 contactum
1043 613 1211 650 ponuntur
1234 619 1309 639 cum
1332 608 1427 640 rebus

85 660 225 691 externis
243 660 304 691 cita
317 660 494 692 irritatione
511 661 747 703 corripiuntur,
765 661 841 691 hinc
862 667 963 692 acutae
979 660 1245 693 inflammationes
1260 669 1292 694 et
1311 663 1428 694 exinde

84 713 285 746 inevitabiles
300 713 438 757 sequelae
460 714 661 746 oboriuntur.
683 714 715 745 Si
730 714 798 745 haec
814 720 860 745 est
875 715 908 745 in
929 714 1213 746 inflammationem
1231 718 1427 759 propensitas

83 767 345 799 membranarum
365 779 557 808 serosarum,
579 768 726 810 protinus
745 767 804 798 sub
825 768 960 799 vulnere
979 768 1100 800 inflicto
1119 769 1180 800 hoc
1200 770 1309 800 morbo
1325 772 1426 801 corri—

84 821 216 864 piantur
242 824 372 864 oportet
395 821 527 863 pleurae.
563 821 620 852 Ast
649 821 800 864 equidem
828 821 897 852 haec
923 822 1049 853 affectio
1079 824 1160 866 aptis
1188 824 1336 855 remediis
1361 824 1428 855 tolli

85 880 204 917 potest;
219 880 297 917 quot
312 875 399 906 enim
415 886 480 906 non
496 875 638 906 existunt
655 886 845 918 magnarum
864 876 1075 918 pleuritidum
1092 878 1293 909 sanationes?
1305 878 1427 918 Quodsi

84 928 273 960 individuus
299 929 434 962 vulnere
461 929 627 972 perculsus
654 930 713 969 sit,
742 930 829 972 quod
857 930 1002 972 pleuram
1025 930 1122 962 solam
1150 931 1297 971 laesisset,
1324 932 1428 974 (illud

84 982 138 1015 hic
159 983 304 1025 quamvis
330 983 524 1026 impossibile
549 984 589 1014 sit
608 984 842 1026 supponimus)
869 983 968 1027 hujus
991 985 1188 1016 sanationem
1211 985 1306 1016 facile
1332 997 1428 1017 recu-

85 1048 198 1079 perare
227 1048 417 1079 possumUS‚
448 1037 475 1068 si
506 1037 585 1069 huic
620 1039 766 1080 regimen
800 1037 1096 1081 antiphlogisticum
1129 1039 1363 1081 praescribimus
1397 1046 1429 1071 et

86 1091 193 1122 omnia
220 1090 452 1121 medicamenta
478 1102 551 1133 quae
576 1091 610 1122 in
641 1091 815 1134 pleuritide
837 1092 1032 1124 adhibentur
1063 1095 1281 1135 propinamus.
1314 1094 1376 1125 Sed
1404 1095 1429 1125 si

84 1143 145 1176 sub
166 1144 302 1177 vulnere
323 1144 446 1187 pleurae
467 1144 547 1175 mala
569 1145 739 1177 medicatio
760 1151 793 1176 et
811 1156 959 1187 perversa
980 1146 1121 1176 remedia
1142 1147 1176 1176 in
1193 1158 1287 1177 usum
1310 1159 1429 1179 vocan-

84 1204 154 1239 tur,
180 1204 259 1229 tunc
284 1198 415 1241 quidem
437 1210 521 1230 mors
548 1198 625 1230 huic
649 1200 859 1242 supervenire
879 1205 998 1242 potest,
1025 1210 1099 1242 quae
1127 1205 1205 1231 tunc
1228 1211 1338 1232 revera
1364 1212 1428 1232 non

83 1252 228 1292 vulneri,
252 1252 307 1284 sed
329 1252 453 1284 medico
474 1252 681 1284 adscribenda
698 1259 755 1284 est.
780 1254 924 1296 Sequens
940 1252 1133 1293 observatio,
1156 1264 1252 1296 quam
1273 1265 1313 1285 ex
1332 1266 1428 1297 opere

83 1307 171 1339 Petit
188 1306 235 1349 (2)
261 1306 392 1349 collegi,
420 1306 533 1349 probat
557 1312 717 1349 quantum
742 1312 846 1349 posset
871 1306 953 1337 mala
976 1306 1155 1338 medicatio.
1182 1307 1274 1338 »Vir
1296 1308 1427 1350 quidam

85 1372 105 1392 ))
121 1360 214 1404 globo
231 1360 418 1403 sclopetario
441 1361 574 1392 affectus
594 1361 674 1400 fuit,
698 1362 754 1403 qui
776 1361 998 1403 integumenta
1021 1360 1240 1403 perforaverat
1256 1362 1338 1392 circa
1354 1373 1428 1404 sep.-

86 1427 105 1446 »
121 1415 233 1447 timam
255 1425 365 1446 veram
389 1420 523 1454 costam,
544 1420 576 1445 et
602 1414 679 1457 qui,
708 1419 875 1457 postquam
896 1413 986 1458 juxta
1011 1414 1099 1445 illam
1129 1416 1268 1458 spatium
1290 1421 1429 1459 quatuor

86 1468 275 1512 »pollicum
297 1474 516 1511 percurrerat,
545 1468 704 1499 exiverat:
729 1467 902 1500 vulnerum
928 1467 1010 1498 labia
1031 1468 1124 1499 fuere
1149 1469 1278 1500 dilatata
1300 1475 1337 1500 ut
1357 1471 1428 1501 exi-

90 1528 175 1554 »tus
203 1522 347 1553 materiei
372 1527 577 1554 extravasatae
608 1521 855 1563 concederetur3
879 1523 1019 1554 sauciato
1048 1534 1129 1554 vena
1154 1529 1283 1566 pertusa
1307 1523 1371 1555 fuit
1397 1530 1429 1555 et

87 1588 107 1609 ))
124 1575 258 1620 jamjam
273 1575 440 1607 sanitatem
462 1576 522 1618 ipsi
543 1576 722 1607 restitutam
746 1575 815 1607 fore
833 1575 1055 1619 jactitaverant
1075 1577 1210 1617 medici,
1229 1589 1332 1620 quum
1354 1589 1427 1609 mox

88 1628 214 1662 »febre
229 1629 401 1671 corripitur
409 1640 421 1668 3.
443 1629 560 1660 iterum
584 1616 664 1661 velia
686 1629 751 1661 fuit
771 1636 855 1661 secta
877 1637 909 1662 et
929 1631 1139 1663 nihilominus
1160 1631 1258 1663 febris
1280 1632 1426 1674 sequenti

86 1695 107 1715 2)
123 1683 174 1715 die
200 1682 385 1723 recruduit3
416 1682 606 1714 consultatio
631 1689 843 1724 convocatur,
871 1690 903 1715 et
924 1685 992 1725 hic,
1022 1685 1131 1716 invitis
1160 1686 1338 1729 chirurgis,
1362 1692 1427 1717 sta-

86 1748 106 1770 ))
122 1736 250 1769 bilitum
279 1736 344 1767 fuit
372 1742 410 1767 ut
440 1742 547 1767 cortex
574 1738 771 1780 peruvianus
800 1729 967 1781 aegrotanti
989 1741 1233 1783 propinaretur3
1266 1752 1339 1771 mox
1364 1741 1428 1771 fuit

85 1802 107 1823 ))
121 1791 208 1822 Petit
228 1790 262 1821 in
282 1789 422 1822 secunda
448 1790 680 1823 consultatione
704 1792 875 1824 advocatus
883 1805 891 1834 ;
913 1793 1005 1837 plaga
1029 1793 1158 1837 jamjam
1179 1794 1277 1833 sicca,
1304 1793 1425 1825 brunea

85 1850 191 1878 »erat
220 1850 253 1876 et
278 1843 436 1875 foetidum
461 1844 584 1877 circum
609 1846 779 1879 exhalabat
803 1847 950 1888 odorem3
977 1848 1123 1890 quamvis
1147 1858 1256 1878 omnes
1282 1847 1425 1890 chirurgi

87 1899 328 1942 »pertinaciter
354 1899 552 1939 insisterent,
583 1906 621 1931 ut
646 1902 785 1944 spatium
811 1902 896 1933 inter
921 1901 995 1932 bina
1021 1901 1155 1933 vulnera
1182 1907 1359 1941 secaretur,
1388 1907 1425 1932 ut

86 1965 106 1986 ))
122 1964 248 1986 causam
273 1952 349 1984 mali
373 1959 574 1995 perscrutare
594 1960 743 1997 possent37
765 1954 975 1987 nihilominus
995 1959 1103 1985 tamen
1128 1965 1275 1997 perversa
1300 1955 1425 1986 corticis

147 2067 191 2097 (1)
207 2065 338 2089 Anatomie
358 2066 481 2097 generale,
502 2070 564 2089 tom.
585 2067 632 2090 lv.
655 2075 712 2100 pag.
733 2067 788 2091 528.

147 2108 190 2138 (2)
208 2107 326 2131 Maladies
342 2107 469 2138 chia-urg„
489 2111 551 2131 tom.
571 2109 594 2132 1.
615 2116 673 2140 pag.
693 2110 733 2138 94.
