1747 2620
101 324 178 354 sima
195 321 403 353 fundamenta
419 320 649 352 vehementiori
667 320 791 363 impetu
806 320 890 351 facto
911 321 1042 352 minime
1063 332 1228 360 concussa,
1250 320 1304 351 sed
1319 321 1424 359 firma3

102 383 240 407 attamen
261 375 436 406 doctrinam
453 374 541 405 illam
562 386 578 405 a
600 375 735 417 receptis
756 374 946 417 quibusdam
968 374 1127 406 erroribus
1145 374 1341 405 liberandam
1362 385 1426 405 esse

102 439 223 460 censeo.
246 428 406 467 Quoniam
427 433 534 459 autem
554 428 743 470 gravissimae
763 427 825 458 illae
846 427 885 458 de
906 428 1018 459 mutua
1038 427 1223 470 reipublicae
1244 427 1428 468 civiumque

101 481 333 513 necessitudine
366 482 554 524 quaestiones
584 481 736 524 singulari
770 481 906 524 quadam
941 481 1038 511 animi
1068 481 1278 523 propensione
1306 481 1340 510 in
1369 479 1428 510 hac

100 535 261 566 liberrima
284 535 414 578 regione
443 540 620 566 tractantur
643 541 675 565 et
701 535 927 576 excipiuntur3
960 534 1075 566 deinde
1105 545 1179 566 vero
1205 533 1283 577 juris
1308 532 1430 575 publici

101 588 246 620 tradendi
262 588 400 619 officium
416 588 455 619 ad
475 589 670 631 provinciam
691 589 830 631 pertinet
854 589 932 619 mihi
957 588 1195 619 demandatam:
1217 586 1299 617 nihil
1318 587 1430 629 putavi

102 647 134 672 et
158 641 301 672 locorum
331 647 578 684 temporumque
603 641 857 680 conditionibus,
885 647 918 672 et
942 641 1119 672 studiorum
1146 651 1291 671 meorum
1316 639 1429 670 rationi

102 694 367 726 accommodatius
392 706 409 725 a
432 706 482 725 me
505 695 574 726 fieri
599 705 706 737 posse,
734 706 830 737 quam
851 701 888 726 ut
912 695 971 727 liae
995 695 1127 725 solemni
1149 694 1310 724 occasione
1332 693 1431 723 veris-

102 748 229 787 simam,
251 753 289 779 ut
305 747 435 790 quidem
454 759 639 791 persuasum
660 748 779 788 habeo,
803 750 1010 788 sententiam,
1032 760 1194 780 summum
1212 748 1247 778 in
1269 745 1432 788 republica

102 802 274 845 imperium
295 802 406 844 populi
431 813 586 833 consensu
607 803 816 834 constitutum
837 814 918 843 esse,
946 802 1151 833 defenderem
1171 807 1203 832 et
1225 801 1431 837 sustinerem,

103 866 237 898 eamque
255 861 341 886 recte
358 855 553 887 intellectam
569 855 705 898 publicae
723 857 898 887 securitatis
922 857 1138 887 firmissimum
1153 865 1218 885 esse
1234 852 1430 896 praesidium,

104 908 363 940 demonstrarem.
387 909 535 941 Arduum
555 910 684 940 fortasse
701 916 732 940 et
747 910 931 952 periculosas
949 909 1081 951 plenum
1097 908 1171 939 aleae
1189 912 1431 948 argumentum,

105 962 191 1004 quod
213 962 415 993 tractandum
444 963 602 1004 suscipi03
634 963 687 993 sed
713 963 811 993 Vobis
833 969 961 1002 tamen,
987 963 1024 992 A.
1053 962 1092 992 H.
1107 985 1115 1000 ‚
1143 962 1244 1003 iisque
1269 959 1432 997 omnibus,

107 1016 163 1057 qui
185 1015 264 1058 juris
286 1014 406 1057 publici
427 1015 624 1057 disciplinam
646 1015 750 1046 studio
775 1021 807 1046 et
829 1027 935 1046 amore
955 1015 1061 1057 aliquo
1084 1019 1336 1056 prosequuntur,
1360 1023 1434 1054 gvra-

106 1074 175 1098 tum
191 1074 223 1098 et
238 1073 404 1109 acceptum
425 1067 506 1098 illud
527 1078 592 1099 esse
613 1068 745 1099 confido.
763 1069 917 1107 Quamvis
934 1080 1008 1101 vero
1027 1078 1133 1110 neque
1152 1066 1314 1110 judicandi
1331 1064 1435 1097 subti-

105 1120 208 1158 litate,
232 1130 338 1161 neque
362 1119 491 1151 dicendi
512 1120 663 1151 facundia
686 1121 870 1153 clarissimos
891 1123 972 1154 viros
998 1131 1124 1163 aequare
1147 1120 1227 1151 mihi
1246 1119 1356 1157 liceat,
1378 1118 1435 1160 qui

106 1171 322 1214 superioribus
345 1173 435 1203 annis
460 1183 500 1203 ex
525 1173 587 1204 hoc
610 1173 679 1205 loco
703 1174 799 1206 verba
824 1175 864 1206 ad
887 1175 952 1206 Vos
977 1175 1146 1214 fecerunt,
1176 1172 1322 1215 nihilque
1343 1183 1360 1202 a
1383 1181 1434 1202 me

105 1231 171 1256 tam
191 1225 355 1268 ingeniose
372 1227 564 1269 excogitari,
589 1233 646 1259 aut
666 1227 781 1259 diserte
807 1229 869 1260 dici
891 1229 1003 1271 possit,
1026 1227 1111 1271 quod
1132 1226 1302 1268 multiplici
1323 1230 1436 1257 vestrae

106 1277 280 1309 eruditioni
306 1278 476 1311 obscurum
502 1291 568 1311 esse
596 1285 784 1321 censeatur3
811 1293 916 1313 meam
943 1288 1050 1312 tamen
1080 1281 1119 1311 de
1145 1291 1272 1310 summo
1299 1278 1435 1319 imperio

106 1332 231 1362 civium
255 1333 466 1364 conventione
480 1332 627 1376 fundato
642 1336 834 1375 orationem,
854 1335 1007 1378 singulari
1027 1334 1097 1374 illa,
1118 1344 1191 1376 quae
1209 1333 1243 1363 in
1258 1331 1356 1362 Vobis
1371 1337 1435 1369 est,

107 1383 328 1416 benevolentia
346 1391 379 1416 et
397 1385 597 1418 humanitate
611 1388 790 1431 excipiatis,
809 1400 945 1432 eamque
966 1388 1146 1431 argumenti
1167 1386 1321 1429 gravitate
1337 1384 1436 1426 magis

109 1448 204 1479 quam
220 1438 349 1469 oratoris
367 1438 551 1482 eloquentia
564 1441 649 1482 capti
659 1465 668 1481 ⁷
690 1453 818 1473 assensu
833 1447 865 1473 et
884 1442 1072 1474 auctoritate
1088 1439 1190 1473 vestra
1209 1436 1435 1481 comprobetis,

109 1501 184 1532 rogo
205 1496 238 1522 et
261 1490 399 1523 obsecro.

157 1775 371 1814 Quaestionem
391 1776 477 1808 illam
489 1801 497 1817 ‚
517 1789 588 1821 quae
606 1778 687 1822 justa
706 1778 744 1809 sit
763 1785 796 1810 et
817 1779 958 1822 legitima
979 1779 1105 1823 imperii
1125 1790 1234 1818 causa,
1254 1790 1318 1821 quo
1339 1780 1441 1822 igitur

114 1828 191 1871 juris
215 1829 344 1861 vinculo
366 1829 469 1874 juncti
494 1837 663 1864 teneantur
689 1831 807 1863 subditi
831 1838 864 1864 et
886 1833 1095 1876 imperantes,
1125 1832 1354 1864 recentioribus
1379 1832 1437 1863 de—

112 1892 205 1912 mum
227 1882 424 1927 temporibus·
441 1890 557 1916 motam
580 1896 597 1916 a
618 1885 811 1929 philosophis
835 1891 867 1916 et
886 1885 1091 1928 disceptatam
1117 1885 1304 1928 reperimus.
1339 1885 1435 1928 Apud

114 1934 238 1968 Graecos
262 1936 351 1970 enim
371 1937 481 1969 Plato.
501 1944 534 1969 et
554 1939 789 1975 Aristoteles,
821 1938 909 1981 apud
925 1939 1082 1971 Romanos
1107 1938 1223 1969 Cicero
1241 1937 1282 1969 de
1301 1937 1439 1980 publicis

112 1987 207 2019 rebus
225 1989 385 2031 sapienter
405 1990 586 2023 ordinandis
608 1997 641 2023 et
662 1991 918 2032 administrandis
937 1992 1064 2034 egregia
1085 1990 1215 2034 quidem
1236 1990 1437 2021 tradiderunt

112 2047 289 2085 PTaecePtffi
312 2042 348 2074 5¹1⁴
370 2043 472 2085 ipsam
494 2055 570 2077 vero
589 2047 706 2078 summi
732 2046 858 2089 imperii
883 2045 1040 2088 originem
1065 2040 1245 2086 verumque
1267 2042 1335 2087 ejus
1356 2042 1438 2073 fuu-
