1747 2620
738 231 852 274 (17)

122 313 190 356 ipso
211 310 282 355 jure
303 309 343 341 ad
362 320 437 341 eum
458 307 622 351 pertinere
640 311 756 338 nostrae
776 306 856 348 reip.
885 304 972 348 leges
993 305 1158 348 positivas,
1184 316 1322 348 quarum
1343 307 1463 339 scilicet

122 366 302 409 principem
323 363 432 394 locum
451 361 598 393 obtinent
616 360 703 404 leges
722 359 993 391 fundamentales.

168 418 328 457 Quoniam
357 417 457 459 igitur
481 414 607 460 juribus
634 414 782 447 civilibus
810 426 875 446 non
900 414 1001 457 magis
1030 425 1067 445 ac
1092 413 1230 457 politicis
1255 415 1398 445 extranei
1425 414 1463 445 ab

125 473 247 515 origine
268 471 441 510 fruuntur,
466 470 629 513 sequitur,
649 470 731 512 ipsos
757 469 891 499 illorum
914 479 1010 499 usum
1033 469 1160 499 nonnisi
1181 474 1274 511 pacto
1293 468 1464 512 adquirere

125 537 231 570 posse,
265 524 539 568 quemadmodum
561 535 668 567 neque
694 523 747 553 his
773 522 914 565 gaudere
940 522 1119 565 incipiunt,
1146 523 1207 553 nisi
1227 523 1328 565 ipsam
1356 528 1465 554 extra-

122 591 259 611 neorum
281 578 496 610 conditionem
521 583 693 618 exuentes,
717 582 810 620 pacto
831 575 883 609 vel
903 587 1051 619 expresso
1072 576 1124 608 vel
1143 577 1239 607 tacito
1257 577 1341 608 cives
1356 576 1465 620 Belgae

123 635 200 666 facti
225 634 299 664 sint.
343 633 434 664 Sicut
458 633 545 664 enim
575 643 682 675 neque
707 631 891 674 legitimum
921 630 1057 663 civitatis
1084 631 1257 673 imperium
1290 631 1325 661 in
1359 631 1464 670 cives,

122 698 229 731 neque
251 688 372 719 civium
394 686 463 730 jura
487 686 616 729 publica
639 685 758 728 absque
781 690 894 717 mutuo
909 690 1125 727 utrorumque
1147 695 1304 716 consensu
1327 685 1466 726 intelligi

122 748 264 785 queunt,
287 742 331 772 ita
354 752 461 784 neque
478 740 559 772 illud
575 740 749 783 imperium
771 739 805 770 in
826 744 1011 778 ext1·aneos‚
1035 750 1142 781 neque
1161 738 1214 770 illa
1237 745 1467 770 extraneorum

122 796 193 840 jura
215 795 334 838 absque
364 795 433 839 pari
463 805 621 826 consensu
647 799 781 837 possunt
807 794 988 824 consistere.
1032 793 1100 832 Qui
1128 804 1300 824 consensus
1325 804 1467 836 quonam

122 850 216 883 modo
241 850 340 882 soleat
359 850 573 889 intervenire,
599 847 729 892 jamjam
751 847 980 890 explicandum
1003 853 1060 878 est.

166 939 226 969 IX.
260 938 357 977 Quod
382 943 420 968 ut
443 936 542 979 probe
563 935 784 978 intelligatur,
813 945 848 965 ea
874 935 985 976 paucis
1009 939 1085 965 sunt
1110 933 1306 974 revocanda,
1336 945 1408 977 quae
1432 935 1467 966 in

125 991 243 1022 introd.
264 1002 297 1021 n.
321 991 380 1022 IX.
402 989 629 1028 monebamus,
653 988 773 1019 scilicet
795 986 928 1018 cuilibet
946 988 1087 1027 civitati,
1109 987 1253 1031 adeoque
1273 988 1368 1019 etiam
1390 988 1468 1019 Bel-

124 1045 176 1087 gio
197 1045 356 1086 integram
378 1049 561 1085 competere
583 1041 764 1072 libertatem
791 1047 959 1072 extraneos
988 1053 1098 1072 omnes
1118 1053 1135 1072 a
1162 1043 1314 1073 territorii
1340 1043 1390 1074 sui
1414 1043 1469 1073 in-

124 1098 284 1140 gressione
312 1096 459 1135 arcendi,
491 1105 584 1127 eosve
615 1094 675 1125 sub
704 1095 762 1134 iis,
799 1105 871 1137 quae
905 1094 965 1125 sibi
998 1095 1199 1138 placuerint,
1232 1096 1468 1128 conditionibus

123 1150 333 1190 admittendi,
366 1149 513 1193 quinimo
541 1148 624 1180 nihil
658 1147 836 1191 impedire,
868 1149 1042 1191 quominus
1073 1149 1184 1181 civitas
1215 1149 1345 1192 aliqua,
1378 1149 1469 1181 velut

125 1204 292 1248 Belgium,
320 1204 493 1236 discrimen
515 1203 646 1247 aliquod
667 1203 753 1233 inter
774 1203 899 1234 diversa
921 1208 1149 1234 extraneorum
1177 1213 1294 1246 genera
1321 1203 1467 1243 definiat,

122 1270 181 1302 pro
204 1258 299 1289 modo
320 1257 444 1302 jurium
472 1258 511 1289 iis
538 1258 894 1290 communicandorum.

167 1312 347 1353 Videlicet,
384 1313 438 1344 illa
467 1313 621 1344 facultate
649 1312 721 1357 jure
752 1312 882 1355 publico
919 1312 1091 1345 universali
1122 1312 1258 1344 fundata
1287 1312 1469 1355 respublica

122 1372 227 1398 nostra
247 1378 321 1410 erga
340 1372 509 1398 extraneos
531 1368 581 1398 uti
604 1367 723 1407 voluit,
746 1373 843 1410 atque
867 1368 901 1398 in
922 1378 1033 1398 eorum
1055 1368 1302 1410 peregrinorum
1324 1379 1469 1399 commo-

125 1420 202 1452 dum
236 1420 459 1464 benigniorem
486 1432 518 1452 se
544 1421 702 1465 praebuit,
738 1422 795 1465 qui
821 1427 1013 1465 perpetuam
1042 1421 1130 1464 apud
1156 1433 1212 1452 nos
1236 1421 1468 1453 habitationem

125 1475 319 1507 constituere
339 1475 562 1517 intenderent,
580 1487 677 1520 quam
697 1477 731 1508 in
756 1476 844 1518 illos,
868 1478 925 1521 qui
946 1476 1173 1520 temporariam
1193 1481 1321 1508 tantum
1346 1487 1469 1508 moram

127 1529 283 1561 facerent.

170 1617 214 1648 X.
257 1617 364 1661 Atque
389 1616 464 1649 hinc
491 1619 593 1650 oritur
619 1619 750 1663 insignis
777 1620 830 1651 illa
853 1619 932 1664 juris
956 1617 1088 1658 Gallici,
1113 1629 1178 1661 quo
1202 1616 1379 1648 hodiedum
1403 1617 1472 1648 uti-

127 1682 216 1711 mur,
248 1671 408 1703 distinctio
434 1672 579 1703 incolam
603 1673 705 1713 inter,
732 1675 805 1717 qui,
831 1675 889 1705 etsi
910 1672 1035 1716 juribus
1058 1672 1194 1715 politicis
1219 1672 1349 1715 proprie
1380 1671 1472 1702 dictis

127 1724 214 1767 apud
240 1736 299 1757 nos
326 1725 498 1757 destitutus
523 1726 583 1766 sit,
614 1733 722 1759 tamen
753 1727 826 1759 ideo
852 1727 939 1771 quod
964 1727 1090 1760 veniam
1116 1727 1134 1758 a
1160 1727 1247 1770 Rege
1276 1726 1471 1765 obtinuerit,

127 1785 314 1821 perpetuam
340 1780 374 1810 in
401 1779 512 1823 Belgio
541 1791 651 1812 rerum
685 1791 818 1813 suarum
850 1781 957 1813 sedem
989 1780 1227 1820 constituendi,
1260 1779 1409 1812 omnibus
1435 1780 1472 1811 iis

127 1831 248 1864 civium
273 1832 397 1876 juribus
418 1845 491 1877 quae
508 1845 583 1866 cum
605 1834 661 1866 tali
680 1836 883 1867 concessione
902 1836 1080 1867 necessario
1101 1834 1273 1879 conjuncta
1294 1840 1385 1874 sunt,
1406 1835 1473 1866 frui

116 1884 241 1926 debet,
265 1892 298 1917 et
314 1889 547 1930 peregrinum,
571 1880 679 1920 stricte
704 1889 819 1929 talem,
841 1889 1030 1931 simpliciter
1047 1889 1080 1919 in
1104 1888 1264 1919 territorio
1288 1888 1470 1920 toleratum.

172 1939 217 1970 Ea
240 1946 348 1972 autem
369 1941 554 1973 incolarum
574 1949 606 1974 et
625 1945 880 1986 peregrinorum
902 1941 1056 1975 vocabula
1078 1942 1153 1985 ipsis
1173 1941 1237 1986 jam
1258 1942 1334 1974 inde
1355 1942 1473 1973 Roma-

127 1993 177 2024 nis
199 1993 311 2025 eadem
335 1994 438 2026 ferme
459 1997 644 2040 acceptione
665 2003 818 2041 usurpata
842 1997 941 2028 fuisse
963 1996 1127 2029 videntur.
1156 1996 1362 2040 Quamquam
1385 1998 1471 2028 enim

128 2059 189 2081 vox
210 2049 400 2092 peregrinus
426 2051 603 2093 generatim
628 2051 668 2083 de
689 2052 777 2084 omni
802 2057 955 2083 extraneo
975 2050 1230 2094 intelligeretur,
1255 2052 1298 2082 ita
1318 2057 1355 2082 ut
1375 2051 1472 2082 etiam
