1747 2620
904 284 1015 327 (28)

302 359 453 402 logicam,
483 358 633 389 moralem
661 364 757 400 atque
781 357 973 389 aestheticam
999 358 1090 389 evehi
1124 366 1264 402 possunt.
1301 360 1458 393 Animalia
1492 368 1621 403 autem,

301 413 397 445 simul
416 425 451 443 ac
472 414 609 455 corporis
633 412 715 443 vires
738 417 883 442 crescunt
903 417 998 454 atque
1021 423 1183 443 summum
1207 413 1385 456 attingunt,
1410 414 1449 445 ad
1474 426 1620 456 omnem,

301 468 354 498 cui
374 467 486 498 idonea
511 468 593 505 sint,
623 465 853 508 perfectionem
878 465 1089 506 perveniunt3
1116 476 1228 497 verum
1252 465 1417 498 sublimior
1437 468 1490 499 illa
1515 468 1621 500 homi-

299 533 379 552 num
401 521 519 551 indoles
541 519 630 550 nullo
651 517 743 549 modo
764 530 779 548 a
801 528 930 559 corpore
952 518 1084 560 pendet,
1108 519 1162 549 sed
1184 530 1259 550 cum
1281 521 1385 551 onmia
1405 522 1543 563 corporis
1567 534 1621 553 or-

300 586 379 615 gana
406 574 532 616 penitus
557 572 684 603 evoluta
706 577 781 602 sunt
803 577 899 613 atque
923 571 1061 602 officium
1086 579 1254 614 praestant,
1280 580 1348 604 tum
1374 574 1503 606 demum
1530 587 1620 607 mens

298 629 436 659 humana
458 626 559 657 excoli
579 632 674 668 atque
698 625 736 656 ad
758 625 987 667 perfectionem
1009 625 1157 667 progredi
1178 632 1290 668 potest.
1316 628 1366 657 An
1385 628 1483 670 igitur
1508 629 1620 660 creda-

298 693 369 712 mus
390 679 577 712 animalibus
595 685 627 709 et
645 678 775 721 plantis,
799 689 869 720 quae
889 678 927 708 ad
949 678 1132 709 felicitatem
1154 679 1320 711 tendentes
1339 681 1505 713 consilium
1521 683 1619 713 attin-

298 741 388 778 gant,
414 734 600 775 benigniore
624 738 737 763 natura
765 742 831 762 esse
852 731 1078 773 prospectum?
1106 731 1177 763 Non
1201 744 1293 771 ver03
1320 735 1495 774 terrestris,
1521 747 1619 777 quam

295 800 382 819 nunc
409 787 564 824 vivimus,
591 786 653 817 vita
679 785 809 815 eximias
833 785 930 814 animi
956 783 1123 815 facultates
1148 786 1264 816 excitat
1288 792 1321 817 et
1342 793 1528 829 promovet,
1554 799 1618 830 quo

295 842 421 872 facilius
441 846 578 882 optatam
600 839 638 869 ad
661 850 757 881 quam
781 838 884 869 tendit
906 844 1011 868 nostra
1033 837 1237 881 perfectionis
1257 839 1396 879 indoles,
1422 852 1518 871 cursu
1540 852 1618 872 con-

294 896 454 936 tingamus
475 898 602 923 metam.
633 891 713 929 Quae
736 903 809 922 cum
830 892 871 921 ita
893 892 972 930 sint,
994 903 1077 922 mors
1096 891 1264 923 hominum
1285 893 1406 923 animos
1424 904 1488 924 non
1510 895 1614 925 extin-

293 954 390 990 guet3
418 946 488 984 sed,
518 956 559 976 ne
585 945 700 976 mentis
726 944 893 975 facultates
918 944 1035 974 frustra
1061 945 1298 986 acceperimus,
1328 946 1503 977 faciliorem
1530 947 1617 978 dabit

293 1002 397 1032 locum
428 999 631 1043 perfectionis
658 997 926 1040 absolutionisque
955 996 1145 1028 obtinendae.
1187 997 1258 1028 Non
1287 999 1373 1029 enim
1404 1005 1546 1039 temere,
1572 1001 1616 1031 ita

293 1055 418 1093 Cicero,
442 1064 501 1083 nec
521 1053 653 1083 fortuito
673 1052 730 1082 sati
751 1057 783 1082 et
804 1051 901 1082 creati
920 1062 1044 1089 sumus,
1067 1050 1121 1081 sed
1141 1050 1285 1093 profecto
1307 1051 1369 1081 fuit
1387 1051 1532 1093 quaedam
1552 1052 1615 1092 vis,

292 1118 363 1150 quae
379 1106 488 1148 generi
507 1104 686 1136 consuleret
705 1104 863 1135 humano:
886 1115 945 1136 nec
965 1104 997 1135 id
1019 1105 1180 1147 gigneret,
1204 1110 1261 1135 aut
1277 1104 1391 1144 aleret,
1412 1105 1515 1147 quod,
1538 1117 1613 1138 cum

293 1160 514 1192 exantlavisset
539 1169 647 1188 omnes
673 1157 812 1197 labores,
842 1164 911 1189 tum
936 1157 1092 1188 incideret
1112 1158 1146 1188 in
1171 1158 1280 1188 mortis
1300 1157 1421 1189 malum
1445 1159 1615 1201 sempiter-

291 1224 386 1245 num:
408 1218 535 1255 portum
556 1211 660 1253 potius
679 1217 824 1253 paratum
844 1210 933 1241 nobis
951 1216 983 1241 et
1004 1210 1190 1253 perfugium
1210 1216 1371 1252 putemus.
1395 1210 1490 1249 Quod
1506 1216 1614 1243 autem

292 1266 441 1298 omnibus
460 1275 586 1296 necesse
608 1270 669 1303 est,
695 1264 727 1295 id
747 1264 899 1295 miserum
921 1274 987 1294 esse
1015 1263 1072 1294 uni
1096 1274 1160 1294 non
1183 1268 1286 1306 potest
1310 1263 1367 1305 (1).

875 1380 899 1423 g
948 1381 1013 1411 ΠΙ.

290 1479 470 1501 ARGUMENTA
498 1478 688 1499 TIIEOLOGICA
715 1478 734 1498 A
758 1477 847 1498 JUSTA
874 1477 911 1497 Ac
936 1476 1014 1497 VERA
1043 1477 1090 1496 DEI
1118 1475 1251 1497 NOTIONE
1280 1476 1407 1502 EJUSQUE
1435 1475 1611 1498 ATTRIBUTIS

743 1541 779 1560 ET
809 1538 1011 1561 PROVIDENTIA
1043 1538 1153 1560 SUMTA.

334 1628 423 1658 Hanc
444 1632 706 1669 argumentorum
726 1631 849 1668 partem
867 1625 1012 1668 quamvis
1032 1625 1160 1667 proprie
1174 1623 1330 1666 theologia
1349 1624 1517 1664 naturalis,
1537 1636 1612 1668 quae

292 1680 424 1720 dicitur,
450 1680 507 1710 sibi
529 1679 687 1718 vindicat;
712 1678 764 1709 hic
788 1684 895 1709 tamen
916 1677 1089 1709 omittenda
1110 1688 1174 1708 non
1200 1682 1263 1716 est,
1284 1676 1338 1707 sed
1357 1683 1514 1719 quantum
1540 1679 1608 1710 fieri

289 1739 409 1776 potest,
440 1732 622 1764 brevissime
646 1731 775 1774 quidem
804 1731 1002 1773 exponenda.
1036 1730 1157 1769 Quodsi
1177 1731 1276 1773 igitur
1302 1741 1342 1761 ex
1367 1730 1448 1773 justa
1477 1736 1510 1761 et
1534 1742 1608 1763 vera

290 1788 340 1818 dei
360 1787 487 1817 notione
509 1790 773 1827 argumentantur
796 1783 990 1826 philosophi,
1009 1783 1106 1814 deum
1126 1794 1192 1814 esse
1212 1782 1323 1813 dicunt
1344 1793 1399 1814 ens
1413 1783 1608 1825 perfectissi-

289 1852 396 1880 mum,
423 1845 455 1871 et
475 1838 514 1869 ab
537 1839 597 1869 hoc
619 1839 767 1870 universo
791 1838 924 1869 essentia
947 1837 1124 1876 diversum3
1157 1842 1189 1867 et
1212 1841 1326 1878 praeter
1349 1835 1408 1867 alia
1435 1836 1605 1877 attributa,

348 1953 392 1982 (ι)
407 1952 458 1975 Cic.
476 1952 548 1974 Tusc.
566 1956 652 1982 quaest.
669 1951 689 1974 1.
710 1952 732 1974 Ι.
754 1959 778 1973 c.
796 1950 825 1980 49
842 1954 958 1978 ceterum,
975 1948 1010 1972 cf.
1028 1948 1056 1971 de
1070 1949 1114 1972 hac
1128 1949 1263 1980 argumenti
1279 1953 1361 1979 parte:
1381 1947 1566 1972 L'immortalitd
1577 1947 1608 1972 de

287 1993 373 2021 l'dme,
396 2001 427 2015 ou
444 1992 514 2015 traite'
532 1999 570 2014 sur
589 1992 612 2014 la
633 1991 724 2022 dignit&
742 1991 770 2014 de
787 1991 914 2018 l'homme,
937 1997 980 2020 par
997 1989 1031 2012 Μ.
1049 1990 1075 2012 Β.
1094 1988 1173 2017 PariS,
1197 1989 1266 2017 1788;
1295 1988 1401 2017 Herder,
1424 1988 1492 2011 ideeu
1510 1996 1552 2011 zur
1568 1996 1607 2018 ge-

287 2033 393 2056 schichte
413 2032 454 2055 der
470 2031 630 2058 menschheit,
653 2031 760 2061 passim;
789 2030 929 2060 Reimarus,
949 2031 1104 2054 vornehmste
1122 2029 1274 2053 wahrheiten
1295 2029 1336 2054 der
1357 2034 1408 2052 nat.
1427 2030 1542 2060 religion,
1571 2030 1607 2053 Vl.
1635 2036 1638 2039 ’

288 2072 356 2095 abth.
383 2072 437 2101 §6,
457 2079 469 2101 7
487 2079 539 2101 sq.;
569 2070 698 2093 Jerusalem
727 2070 752 2092 iu
775 2070 821 2093 lib.
843 2070 912 2093 laud.
936 2070 997 2094 VH.
1019 2070 1097 2099 betr.;
1125 2070 1230 2093 Contzeu
1247 2070 1268 2093 1.
1293 2069 1314 2096 ly.
1343 2069 1402 2094 diss.
1423 2069 1470 2092 IV.
1492 2077 1547 2099 cap.
1568 2069 1603 2092 V.

288 2113 301 2142 ᾗ
315 2111 358 2135 350
367 2124 380 2129 -
390 2112 433 2134 355
448 2115 472 2134 et
486 2110 605 2141 imprimis
621 2110 698 2134 Moses
710 2109 870 2134 Mendelsohn
881 2109 906 2132 iu
918 2116 986 2140 opere
998 2109 1067 2133 laud.
1089 2110 1138 2132 111.
1150 2109 1236 2139 Gespr.
1250 2109 1295 2132 hoc
1308 2113 1475 2140 argumentum
1485 2108 1603 2139 explicat.
