1747 2620
732 267 850 311 (47)

123 345 278 372 versatur.
305 340 433 372 Etenim
455 345 571 384 praeter
590 340 704 372 rudem
725 340 830 381 illam,
858 347 1040 375 terrestrem
1061 343 1260 388 mixtamque
1280 347 1463 386 materiam,

124 405 198 437 quae
219 401 334 426 nostrae
356 395 522 427 intuitioni
542 401 631 439 patet
650 394 806 439 nobisque
828 397 933 428 notior
955 403 1019 438 est,
1043 397 1103 429 alia
1129 399 1275 442 quaedam
1300 400 1462 440 subtilior,

123 449 322 490 praestantior
340 455 373 480 et
393 450 503 492 purior
524 450 559 480 in
581 461 691 482 rerum
714 457 829 482 natura
849 451 957 484 adesse
977 453 1085 495 possit.
1110 454 1156 485 Ita
1177 459 1264 491 certe
1280 466 1296 485 a
1313 455 1464 486 materia-

122 501 201 533 listis
223 503 348 533 occurri
377 509 491 546 potest.
525 503 566 534 Et
595 504 682 547 quod
708 504 748 535 de
773 504 823 535 his
847 505 1147 547 animadvertimus,
1169 508 1255 539 idem
1280 509 1313 539 in
1343 510 1464 540 caeteris

121 555 385 599 philosophorum
413 557 606 603 rationib11S‚
636 570 694 601 pro
720 559 906 602 incorporea
937 562 1036 592 animi
1066 568 1181 594 natura
1209 562 1329 603 allatis,
1354 562 1463 595 obser-

122 609 262 641 vandum
287 616 333 641 est
353 610 411 653 (1).

164 663 327 696 Nimirum
355 665 380 696 si
404 677 472 696 rem
502 667 683 699 accuratius
712 668 950 700 consideremus
976 680 1086 700 omnes
1109 681 1154 701 eae
1179 670 1464 702 demonstrationes

119 729 192 761 quae
213 730 271 762 pro
296 720 395 751 animi
416 726 531 752 natura
550 722 616 753 sive
637 733 786 765 corporea
808 723 874 755 sive
896 723 1082 766 incorporea
1103 724 1137 755 in
1162 724 1306 755 medium
1329 725 1462 767 prolatae

117 778 211 813 sunt,
228 784 335 816 neque
354 773 449 817 plene
465 781 541 806 sunt
560 786 667 818 neque
683 775 832 807 omnibus
847 777 991 808 numeris
1009 776 1171 809 absolutae.
1189 778 1346 817 Quamvis
1363 779 1464 822 igitur

117 828 309 860 sententiam
330 828 370 860 de
386 840 537 872 corporea
555 830 653 861 animi
673 836 789 862 natura
810 831 945 862 minime
964 831 1200 874 approbandam
1212 857 1220 872 ‚
1243 833 1323 876 quin
1338 833 1461 876 potius,

118 882 193 924 quia
226 884 368 915 materiae
398 884 505 915 omnia
537 883 783 923 attribuuntur,
815 884 910 927 plane
939 885 1147 928 rejiciendam
1177 898 1243 918 esse
1272 888 1460 930 opinamur3

118 941 225 968 tamen
254 936 294 968 de
320 937 390 981 ejus
414 937 684 974 immaterialitate
709 938 805 969 etiam
837 939 920 970 nihil
942 940 1022 970 certi
1050 939 1109 971 hac
1130 941 1163 971 in
1189 952 1223 972 re
1245 941 1326 972 essici
1348 952 1459 984 posse,

117 989 172 1019 sed
194 990 300 1020 omnia
325 991 455 1021 rationis
478 992 668 1023 auctoritate
689 991 825 1036 ejusque
847 993 909 1025 fide
933 994 1010 1033 niti,
1034 1005 1098 1026 non
1120 1002 1167 1027 est
1192 996 1278 1039 quod
1303 996 1461 1028 affirmare

116 1042 375 1074 reformidemus.
401 1044 441 1075 Et
467 1044 499 1075 id
523 1050 662 1087 quatuor
687 1046 827 1077 maxime
854 1046 894 1078 de
919 1048 1037 1088 causis,
1064 1060 1142 1091 quas
1165 1049 1307 1082 breviter
1327 1050 1381 1081 hic
1406 1061 1460 1082 re-

116 1105 245 1125 censere
265 1095 370 1126 liceat.

157 1147 264 1178 Prima
286 1147 384 1192 hujus
409 1149 456 1180 rei
483 1161 576 1182 causa
602 1152 702 1194 posita
730 1158 776 1184 est
800 1154 834 1185 in
862 1160 968 1187 nostra
995 1156 1119 1188 inscitia
1145 1159 1306 1198 materiae,
1336 1159 1457 1202 quippe

113 1199 205 1244 cujus
228 1201 346 1232 formas
366 1204 589 1236 tantummodo
610 1206 754 1238 sensibus
774 1209 982 1252 percipimus.
1006 1210 1147 1243 Materiae
1171 1223 1245 1243 vero
1266 1213 1369 1252 notio,
1391 1213 1456 1244 solo

112 1254 282 1287 intellectu
303 1256 521 1298 abstrahente,
544 1259 682 1291 efficitur
702 1261 841 1305 ideoque
859 1274 966 1306 neque
984 1276 1001 1295 a
1020 1265 1120 1308 priori
1137 1277 1244 1309 neque
1258 1278 1274 1297 a
1290 1268 1457 1309 posteriori

110 1309 184 1340 satis
201 1309 291 1341 nobis
312 1311 437 1354 cognita
455 1318 502 1343 est
517 1319 573 1344 aut
591 1321 768 1357 perspecta.
792 1316 871 1348 Inde
887 1318 989 1348 omnis
1007 1317 1046 1349 de
1067 1320 1199 1350 materia
1220 1326 1253 1351 et
1269 1320 1455 1363 corporibus

110 1362 269 1404 doctrina,
288 1375 363 1395 cum
384 1364 445 1396 hoc
462 1365 520 1397 sibi
542 1373 641 1409 ponat
659 1368 872 1412 principium,
898 1372 1065 1404 materiam
1082 1372 1149 1404 dari
1167 1380 1329 1418 tamqnam
1348 1376 1455 1407 sensui

110 1423 243 1449 externo
264 1413 438 1462 objectam,
455 1421 522 1452 sive
536 1432 608 1463 quae
624 1422 656 1453 in
675 1424 776 1466 spatio
797 1425 926 1466 existat3
949 1428 1022 1458 satis
1043 1427 1164 1459 indicat
1182 1440 1219 1460 ea
1236 1440 1366 1473 quoque
1382 1441 1455 1473 quae

110 1469 149 1501 de
171 1472 302 1503 materia
328 1472 494 1513 dicantur,
521 1475 605 1506 nihil
626 1487 692 1508 esse
715 1477 803 1510 aliud
825 1480 886 1511 nisi
911 1479 1158 1524 descriptionem
1180 1482 1249 1526 ejus
1273 1485 1454 1527 proprieta-

110 1529 179 1555 tum
199 1531 231 1556 et
251 1526 425 1558 actionum.
452 1529 501 1559 De
525 1540 562 1560 eo
586 1541 678 1572 vero,
710 1532 789 1576 quid
814 1534 880 1577 ipsa
904 1535 961 1576 sit,
985 1536 1032 1567 nil
1059 1537 1138 1568 certi
1166 1537 1314 1569 affirmari
1337 1544 1452 1581 potest.

107 1577 264 1622 Huc-jam
285 1580 422 1620 accedit,
445 1582 530 1624 quod
552 1585 679 1616 animus
698 1592 730 1617 et
745 1598 861 1630 corpus
879 1589 942 1620 fixo
962 1596 1087 1622 naturae
1106 1591 1217 1623 ordine
1237 1592 1276 1623 ad
1298 1598 1451 1624 mutuum

108 1633 338 1665 commercium
363 1641 439 1666 sunt
463 1639 709 1671 accommodata.
736 1641 800 1673 Nos
825 1643 940 1686 igitur,
969 1646 1121 1688 quoniam
1148 1646 1238 1678 nullo
1260 1646 1353 1678 modo
1379 1648 1451 1679 ani-

107 1697 197 1717 mum
230 1688 397 1731 percipere
426 1701 594 1733 possumus
622 1705 640 1724 a
670 1697 810 1738 corporis
839 1699 965 1740 organis
990 1706 1173 1740 secretum,
1206 1701 1309 1733 multo
1341 1703 1450 1733 minus

110 1738 241 1772 definire
258 1742 418 1783 valemus,
439 1756 587 1788 quaenam
609 1748 648 1779 sit
669 1750 768 1781 animi
788 1757 902 1784 natura
925 1765 983 1796 per
1002 1765 1035 1786 se
1055 1761 1213 1798 spectata,
1238 1762 1271 1787 et
1289 1762 1450 1799 quatenus

109 1791 163 1823 ille
183 1805 200 1824 a
223 1807 353 1840 corpore
373 1799 414 1830 sit
436 1798 591 1832 diversus.
619 1802 713 1835 Certe
735 1816 775 1836 ex
797 1805 851 1846 iis,
875 1818 949 1850 quae
969 1820 1058 1840 nunc
1079 1821 1140 1853 ope
1160 1821 1311 1842 sensuum
1334 1822 1448 1854 corpo-

108 1856 235 1879 reorum
264 1861 354 1882 mens
390 1859 563 1895 operatur,
595 1856 695 1899 ipsius
726 1860 827 1891 animi
857 1867 1007 1894 naturam
1036 1863 1231 1895 concludere
1263 1875 1328 1896 non
1359 1864 1444 1896 licet.

107 1900 212 1932 Tertia
233 1904 328 1944 ratio,
346 1916 418 1948 quae
435 1907 501 1940 huc
516 1909 609 1951 facit,
625 1913 769 1945 cernitur
784 1915 819 1946 in
833 1915 900 1958 ipsa
914 1916 1113 1958 oppositione
1129 1918 1228 1949 animi
1245 1924 1277 1949 et
1294 1920 1443 1962 corporis..

145 1977 1295 2000 Μ

165 2013 197 2042 (ι)
215 2014 256 2037 Cf.
277 2015 414 2040 dissertatio
432 2020 531 2048 praemio
549 2027 649 2045 ornata:
673 2031 722 2046 von
739 2024 781 2047 der
798 2025 1011 2050 verwandtschaft
1037 2027 1079 2051 der
1096 2028 1190 2059 physik
1210 2030 1261 2053 und
1282 2030 1323 2054 der
1340 2030 1444 2060 psycho-

104 2052 165 2084 logie
180 2062 227 2077 von
245 2056 279 2079 D.
297 2057 326 2080 C.
343 2058 372 2080 F.
391 2059 545 2089 Baehmmxn,
567 2063 633 2092 prof.
654 2063 696 2087 der
711 2065 803 2094 philos.
823 2073 852 2088 zu
867 2066 941 2096 Jena,
961 2074 1014 2098 quae
1029 2068 1112 2091 omnia
1129 2076 1270 2100 argumenta
1290 2080 1332 2101 pro
1349 2072 1443 2094 animo-

102 2100 156 2117 rum
172 2099 261 2118 natura
277 2104 391 2128 corporea
409 2099 447 2123 vel
465 2100 606 2132 incorporea
624 2103 699 2129 allata
714 2106 832 2130 concinne
851 2111 875 2131 et
891 2113 1000 2132 accurate
1018 2110 1130 2141 exposuit
1146 2115 1170 2134 et
1188 2111 1347 2141 dijudicavit.
