1747 2620
900 291 1013 335 (30)

335 370 365 401 J.
383 370 412 400 S.
431 380 490 401 mx
509 369 629 407 Euam,
649 367 738 412 jussu
758 366 856 410 Regio
871 371 904 397 et
923 363 1079 396 sumtibus
1097 362 1235 406 publicis
1250 361 1349 394 edidit
1364 361 1442 393 duos
1460 361 1624 393 fasciculos

293 426 412 468 priores
437 421 680 466 splendidissimi
702 419 805 462 operis
827 418 988 457 Botanici,
1009 416 1254 459 descriptionem
1276 422 1308 447 et
1331 417 1437 447 icones
1459 416 1626 448 referentis

293 479 474 522 plantarum
498 477 530 507 in
555 475 656 506 insula
676 474 766 504 Javcz
790 478 1001 515 repertarum.

338 533 374 564 C.
390 532 427 563 A.
445 542 504 561 VAN
521 529 677 567 COETSEM,
701 538 802 570 quum
822 528 855 557 in
877 527 978 568 patria
999 531 1104 556 nostra
1126 523 1249 556 videret
1270 523 1440 555 desiderari
1462 523 1625 563 libellum,

295 598 358 630 quo
380 583 543 628 tyronibus
562 581 728 613 Medicinae
749 581 882 611 forensis
901 586 1056 623 praccepta
1074 579 1158 610 clare
1179 585 1210 609 et
1231 579 1387 609 concinne
1409 589 1628 621 proponeren-

297 647 363 678 tur,
386 639 469 670 hanc
489 637 637 668 lacunam
654 635 746 666 editis
767 634 934 666 Medicinae
956 634 1088 665 forensis
1109 632 1276 663 elementis
1298 632 1448 675 explevit.

339 693 368 723 J.
392 693 544 730 Lamnae,
571 689 762 721 Geometriae
786 688 942 731 principia
972 687 1092 719 artibus
1121 686 1275 717 technicis
1303 685 1475 728 applicata,
1501 685 1629 727 Belgico

297 756 441 778 sermone
460 743 575 784 edidit,
597 748 693 785 atque
713 741 773 772 hoc
793 740 873 772 libro
895 740 934 771 de
953 740 1123 772 liberaliori
1144 740 1302 771 artificum
1326 739 1528 771 institutione
1549 739 1630 770 bene

297 800 431 831 meritus
455 804 511 830 est.

342 853 419 884 Haec
440 858 471 883 et
489 851 548 882 alia
568 848 737 881 laudabilia
757 847 975 878 professorum
999 846 1118 885 studia,
1141 846 1249 889 juncta
1271 846 1436 877 indefessis
1456 845 1632 888 discipulo-

297 918 370 938 rum
390 904 563 942 laboribus,
582 903 677 933 etiam
699 901 854 943 superiori
875 912 975 938 ann0,
999 900 1175 931 uberrimos
1196 901 1321 931 fructus
1338 899 1496 931 tulerunt.
1520 899 1633 929 Plures

297 961 383 991 enim
406 957 586 989 Academiae
607 960 720 985 nostrae
743 954 882 991 alumni,
907 953 954 982 uti
976 953 1009 982 in
1031 953 1230 983 examinibus
1259 953 1412 995 publiciS,
1440 953 1482 982 ita
1508 953 1540 982 in
1567 951 1633 982 dis—-

299 1010 520 1044 sertationibus
552 1007 736 1050 conscriptis
764 1012 860 1049 atque
893 1005 1053 1044 defensis,
1095 1005 1244 1048 praeclara
1276 1006 1428 1035 doctrinae
1459 1005 1633 1047 specimina

300 1065 469 1097 dederunt.
494 1062 556 1094 Alii
580 1063 614 1092 in
634 1060 781 1092 literariis
803 1057 1030 1090 certaminibus
1054 1070 1069 1089 a
1092 1059 1185 1090 variis
1206 1058 1309 1101 Belgii
1330 1057 1509 1089 Aeademiis
1530 1056 1636 1100 elapso

301 1130 384 1151 anno
405 1117 529 1155 edictis,
552 1116 635 1147 vires
655 1126 725 1145 suas
743 1114 866 1156 experti
883 1119 959 1144 sunt
975 1119 1038 1144 tam
1060 1112 1145 1144 felici
1168 1125 1240 1144 cum
1260 1123 1424 1150 successu,
1447 1118 1483 1143 ut
1504 1112 1638 1143 victores

302 1172 510 1205 discesserint.
527 1169 692 1211 Joseplzus
710 1168 912 1199 Guilielmus
925 1167 965 1198 (le
977 1167 1087 1198 Bloch
1103 1173 1135 1197 et
1151 1167 1358 1198 Vincentius
1372 1166 1411 1196 cle
1422 1167 1469 1196 St.
1483 1165 1636 1202 Moulin,

303 1227 469 1259 Medicina}
491 1224 637 1261 studiosi,
666 1222 746 1253 alter
771 1221 810 1252 ad
831 1222 1040 1264 quaestionem
1062 1220 1217 1252 medicam
1240 1220 1278 1251 ab
1301 1220 1471 1251 Academia
1496 1219 1640 1249 Gronin-

305 1292 402 1324 gana,
427 1280 505 1310 alter
526 1278 565 1309 ad
586 1274 793 1320 qu‘aestionein
814 1275 854 1306 ab
877 1275 999 1306 Ordine
1021 1274 1261 1316 disciplinarum
1287 1273 1586 1304 mathematicarum
1609 1277 1641 1302 et

304 1335 506 1378 physicarum
529 1331 706 1363 Academiae
727 1328 1035 1372 Lugduno-Batavae
1054 1329 1264 1371 propositam,
1282 1328 1324 1358 ita
1336 1325 1590 1369 responderunt,
1606 1331 1643 1357 ut

305 1389 435 1432 praeniio
464 1393 601 1429 uterque
634 1385 861 1416 condecoratus
885 1384 935 1413 sit.
974 1383 1088 1425 Neque
1120 1393 1234 1425 parum
1265 1381 1325 1412 hoc
1353 1381 1572 1411 existimamus
1602 1378 1642 1410 ad

305 1442 483 1473 Academiae
504 1446 618 1471 nostrae
641 1438 795 1482 gaudium
816 1437 1015 1481 gloriamque
1032 1437 1210 1479 pertinere,
1228 1433 1312 1477 quod
1333 1445 1349 1464 a
1370 1432 1642 1464 commilituibus

305 1495 418 1526 nostris
434 1495 468 1524 in
485 1493 631 1524 omnibus
648 1491 777 1535 jamjam
798 1491 907 1534 patriae
923 1489 1116 1529 Academiis,
1136 1494 1252 1531 praeter
1270 1487 1516 1526 Lovaniensem,
1535 1486 1640 1516 hono—

307 1549 409 1580 rificas
428 1547 533 1578 lauros
553 1551 727 1589 reportatas
745 1544 900 1576 videmus.
928 1543 989 1575 Sed
1010 1555 1074 1576 non
1094 1543 1187 1574 modo
1208 1543 1240 1573 in
1263 1542 1365 1585 patria
1384 1547 1507 1580 nostra,
1527 1551 1643 1574 verum

308 1603 404 1633 etiam
430 1600 516 1643 apud
541 1606 664 1631 exteros
688 1599 900 1630 honestissimi
925 1597 1059 1641 juvenes
1083 1596 1264 1628 Academiae
1289 1595 1507 1628 Gandavensis
1532 1595 1644 1626 existi-

309 1656 480 1686 mationem
516 1653 635 1697 optima
665 1653 843 1684 studiorum
878 1653 1000 1683 ratione
1036 1657 1068 1683 et
1098 1651 1225 1694 egregia
1256 1649 1408 1681 doctrinae
1441 1648 1622 1692 praestantia
1636 1671 1644 1687 ,

310 1715 444 1741 tuentur
463 1714 559 1751 atque
584 1708 783 1738 confirmant.
804 1706 853 1737 Ad
876 1706 1078 1737 Bonnensem
1102 1705 1188 1736 enim
1213 1703 1418 1735 Academiam
1443 1713 1475 1733 se
1497 1700 1646 1733 contule-

311 1769 389 1795 runt
413 1762 477 1794 duo
502 1773 519 1793 e
544 1764 672 1801 nostris,
699 1762 911 1802 HippoZytus
938 1761 1059 1797 Rolin,
1087 1758 1316 1797 Cot-tracensis,
1344 1756 1437 1801 cujus
1465 1756 1581 1787 eximia
1607 1754 1647 1786 de

312 1817 501 1849 delictorum
518 1815 703 1859 probatione
723 1815 948 1846 commentatio
965 1814 1086 1857 aliquot
1104 1813 1219 1844 abhinc
1235 1812 1325 1843 annis
1341 1811 1473 1853 praemio
1490 1809 1577 1852 apud
1592 1819 1648 1840 nos

313 1877 422 1903 ornata
437 1876 500 1909 est,
516 1875 548 1901 et
565 1870 620 1912 qui
638 1870 800 1912 praeterito
816 1880 899 1900 anno
915 1868 1058 1900 Doctoris
1075 1868 1109 1898 in
1124 1873 1262 1909 utroque
1278 1865 1350 1907 jure
1370 1863 1504 1908 gradum
1523 1862 1649 1895 summ&⁴

314 1938 389 1958 eum
407 1925 501 1956 laude
517 1925 700 1967 capessivit,
720 1923 836 1955 deinde
854 1923 979 1954 Petrus
996 1922 1143 1953 Jocznnes
1161 1921 1293 1957 Rome,
1310 1930 1349 1950 ex
1367 1918 1552 1956 Tliourout,
1569 1916 1648 1961 juris

314 1981 349 2011 in
369 1979 540 2011 Academia
561 1984 665 2009 nostra
682 1977 856 2016 studiosus,
875 1977 931 2020 qui
950 1976 1028 2008 duos
1045 1986 1144 2019 prope
1161 1985 1259 2006 annos
1273 1973 1359 2016 apud
1375 1972 1559 2003 Bonnense-s
1575 1981 1649 2002 ver-

316 2039 414 2066 satur.
444 2033 503 2064 Hic
530 2033 677 2075 egregius
708 2031 849 2075 juvenis,
877 2031 979 2062 soluta
1005 2030 1179 2074 quaestione
1207 2027 1341 2072 juridica
1367 2026 1407 2058 ab
1432 2024 1649 2056 Universitate

317 2087 470 2120 Rhenana
493 2087 668 2130 proposita,
695 2097 763 2117 eam
790 2085 935 2129 probavit
955 2085 1077 2128 ingenii
1097 2084 1162 2117 vim
1183 2088 1215 2114 et
1239 2081 1366 2113 dicendi
1386 2078 1588 2119 facultatem,
1613 2083 1651 2109 ut

319 2142 348 2173 ei
362 2142 484 2184 palma
509 2140 687 2185 adjudicata
708 2140 759 2171 sit.
