1747 2620
713 270 827 315 (61)

168 406 191 449 g
224 407 268 438 II.
315 419 357 439 nr.
391 418 610 442 vomamssus
643 421 830 445 COSTARUM
860 425 901 445 ET
934 427 1360 453 rinno-CART1LAG1NUM.

142 527 244 561 Costae
270 536 402 572 possunt
428 531 555 576 frangi,
586 534 741 566 contundi
770 542 803 566 et
828 535 953 579 luxari3
980 539 1091 572 ultima
1118 541 1188 574 haec
1213 544 1339 576 affectio
1366 545 1434 589 (1),

94 581 177 613 nihil
199 594 264 625 prae
285 594 317 614 se
338 584 402 616 fert
424 585 562 627 lethale,
587 588 682 620 facile
705 589 791 621 enim
813 589 931 624 luxatae
953 601 1177 636 reponuntur:
1204 604 1237 629 at
1261 610 1324 630 non
1348 600 1434 632 idem

94 636 268 669 dicendum
297 644 344 669 est
366 638 405 671 de
429 640 579 673 fracturis
605 643 748 685 ipsarum
775 646 1099 691 contusionibusque:
1129 650 1290 694 singulam
1317 653 1433 686 harum

95 689 263 723 laesionum
287 703 449 736 exponere
473 707 562 727 nunc
585 696 751 728 debemus.

138 745 283 778 Rariores
298 755 374 779 sunt
391 756 548 782 costarum
565 751 718 783 fracturae
737 751 802 795 (2),
823 753 908 795 quod
925 765 943 785 e
958 757 1131 788 curvatura
1148 758 1293 800 illarum,
1313 762 1434 794 articu—

93 799 220 831 lationis
239 801 415 835 mobilitate
435 810 468 835 et
488 804 618 836 demum
637 806 670 836 in
693 807 857 838 nonnullis
878 819 917 839 ex
933 809 995 840 situ
1015 811 1191 853 petendum
1209 824 1275 845 esse
1294 814 1433 847 videtur.

91 853 287 886 Difficillime
311 857 413 898 prima
437 864 520 889 costa
542 859 704 903 frangitur
720 861 768 904 (3)
789 863 872 894 sicut
891 869 924 895 et
943 864 1075 906 ultima,
1103 878 1142 898 ex
1165 879 1202 899 eo
1223 869 1309 912 quod
1330 870 1433 913 prima

92 908 287 950 profundius
308 910 366 942 sita
388 917 452 952 est,
475 918 539 944 tota
561 920 681 956 quanta
699 915 855 948 clavicula
877 916 1049 951 obducitur
1074 926 1107 951 et
1133 921 1320 954 fortioribus
1346 936 1435 956 mus-

92 961 173 993 culis
196 962 341 1007 subjacet
365 965 422 1007 qui
451 965 549 1009 hujus
574 967 750 1000 fracturam
778 981 892 1004 cavere
916 980 1059 1015 possunt.
1109 975 1230 1008 Ultima
1257 989 1275 1009 e
1305 985 1432 1020 contra,

92 1026 166 1058 quae
186 1027 265 1059 vaga
291 1017 373 1049 dicta
398 1018 463 1050 fuit
487 1026 520 1051 et
544 1020 719 1062 fluctuans,
749 1024 827 1055 adeo
854 1025 888 1056 in
916 1029 1028 1069 quovis
1052 1040 1148 1062 sensu
1174 1031 1298 1063 mobilis
1325 1039 1371 1064 est
1396 1040 1433 1065 ut

90 1068 138 1100 vis
161 1070 310 1112 exigatur
334 1071 448 1114 ingens
473 1073 537 1115 qua
561 1074 630 1106 haec
653 1076 760 1120 frangi
782 1079 879 1120 possit
900 1080 959 1122 (4).
997 1082 1118 1115 Omnes
1141 1096 1246 1117 causae
1273 1093 1432 1119 costarum

90 1121 268 1153 fracturam
295 1123 546 1158 determinantes
571 1139 589 1160 e
612 1131 855 1163 contusionibus
880 1134 1047 1176 oriuntur,
1072 1148 1144 1180 quae
1171 1139 1354 1172 inteusitate
1375 1153 1434 1173 va—

88 1174 173 1207 riant
195 1181 228 1206 et
248 1187 319 1219 quae
335 1189 424 1210 nunc
441 1186 557 1213 costam
574 1191 734 1227 rumpunt
749 1186 783 1217 in
804 1187 873 1230 ipso
891 1190 1086 1222 contusionis
1104 1191 1191 1233 loco,
1211 1189 1300 1225 nunc
1323 1201 1432 1227 autem

88 1228 190 1271 ipsam
219 1229 393 1273 frangunt,
431 1232 508 1264 dum
536 1236 570 1266 in
599 1237 739 1280 utraque
765 1246 924 1272 costarum
950 1246 1153 1276 extremitate
1177 1254 1352 1289 premunt,
1384 1251 1433 1281 uti

87 1281 178 1315 verbi
204 1277 315 1325 causa,
347 1296 449 1328 quum
471 1286 567 1319 homo
591 1290 662 1332 quis
684 1290 812 1323 dorsum
837 1304 933 1326 muro
958 1296 1155 1339 applicatum
1178 1299 1298 1332 habens
1325 1304 1431 1334 curri-

89 1336 163 1368 culo
179 1337 213 1369 in
234 1344 341 1370 sterno
359 1340 402 1371 ita
417 1343 591 1383 premitur,
611 1350 648 1375 ut
665 1356 728 1376 una
745 1345 896 1389 pluresve
911 1355 1005 1382 costae
1018 1351 1222 1395 frangantur.
1244 1355 1431 1389 Secundum

89 1390 299 1423 directionem
315 1393 572 1437 fragmentorum
592 1397 789 1441 fractorum,
811 1413 921 1435 omnes
938 1404 1089 1438 fracturae
1110 1414 1267 1441 costarum
1286 1410 1320 1441 in
1341 1411 1432 1443 binas

88 1445 209 1487 species
230 1445 473 1489 dispescuntur‚
495 1450 528 1482 in
549 1451 618 1484 illas
638 1453 760 1486 scilicet
782 1466 922 1498 quarum
949 1458 1130 1503 fragmenta
1155 1462 1188 1499 in
1209 1463 1354 1496 Thorace
1378 1466 1430 1498 vel

88 1497 177 1529 intus
193 1505 354 1542 spectant,
373 1507 405 1533 et
424 1503 458 1534 in
473 1502 543 1535 illas
558 1516 696 1548 quarum
714 1507 893 1551 fragmenta
910 1518 1004 1544 extus
1021 1513 1208 1557 diriguntur
1225 1517 1289 1560 (5);
1315 1530 1430 1563 magna

89 1563 148 1595 pro
169 1553 356 1587 stabilienda
380 1559 529 1601 prognosi
554 1570 594 1591 ex
618 1560 679 1593 hac
700 1563 953 1597 consideratione
978 1566 1158 1601 differentia
1184 1572 1297 1614 surgit.

132 1606 290 1645 Quaenam
311 1615 358 1641 est
375 1613 582 1654 proponenda
608 1617 716 1659 opinio
737 1618 777 1650 de
799 1618 977 1653 lethalitate
1004 1622 1219 1657 fracturarum
1242 1630 1429 1660 costarum?

33 1687 37 1690 .
86 1659 312 1704 Hippocrates,
333 1669 371 1696 ut
391 1665 493 1698 refert
514 1667 632 1701 Mahon
653 1671 720 1714 (6),
745 1673 888 1706 declarat
910 1676 1034 1708 exitum
1059 1678 1221 1711 incertum
1242 1692 1308 1712 esse
1329 1682 1426 1715 unica

91 1733 1426 1764 N*—

146 1775 191 1804 (1)
207 1775 313 1807 Mahon,
333 1778 400 1801 meld.
418 1779 484 1811 leg„
502 1785 565 1806 tom.
585 1784 622 1806 11.
643 1791 701 1816 pag.
725 1787 780 1810 116.
799 1788 913 1814 Declarat
928 1791 1081 1816 luxationem
1098 1799 1218 1817 costarum
1236 1796 1321 1819 mortis
1334 1804 1429 1820 causam

90 1819 212 1844 uunquam
231 1816 297 1846 fieri,
315 1818 364 1841 nisi
381 1819 505 1844 laedantur
523 1823 631 1853 graviter
646 1832 737 1857 organa
755 1827 889 1854 Thoracica
907 1837 950 1855 aut
966 1833 1074 1857 medulla
1091 1834 1202 1865 spinalis.
1221 1835 1256 1859 At
1275 1844 1332 1861 vero
1348 1838 1427 1862 nescio

90 1855 208 1885 quomodo
223 1857 366 1887 hujusmodi
382 1859 478 1884 laxatio
493 1867 585 1893 posset,
603 1864 622 1888 si
637 1858 688 1888 §ola
705 1867 804 1898 existit,
826 1871 960 1896 medullam
977 1873 1076 1897 laedere.

148 1895 190 1924 (2)
206 1896 298 1928 Buyer,
318 1899 412 1923 malad.
432 1901 512 1930 chin,
535 1903 589 1927 vol.
610 1906 647 1928 11.
665 1914 722 1937 pag.
742 1908 783 1932 68.
803 1909 873 1934 Edit.
896 1913 1075 1937 BruxellensiS.

147 1936 190 1964 (5)
208 1937 352 1971 Duverney,
372 1941 467 1965 malad.
489 1943 530 1966 des
545 1952 584 1974 os,
609 1950 629 1969 t.
649 1948 672 1970 1.
695 1955 753 1980 pag.
774 1951 830 1974 258.

147 1976 190 2004 (4)
205 1977 279 2008 Petit,
298 1981 415 2004 maladies
433 1982 474 2005 des
490 1991 529 2013 os,
549 1989 611 2008 tom.
633 1988 669 2010 11.
688 1996 747 2021 pag.
770 1990 810 2021 57.

147 2017 190 2045 (5)
207 2018 351 2052 Duvemey,
368 2023 486 2047 maladies
501 2025 543 2048 des
556 2034 593 2055 os,
612 2031 674 2051 tom.
696 2031 719 2053 Ι.
740 2038 798 2063 pag.
817 2032 873 2060 254.
896 2033 990 2064 Boyer,
1007 2031 1052 2057 lib.
1069 2034 1157 2066 lauch,
1176 2036 1227 2061 vol.
1249 2040 1284 2062 Π.
1305 2047 1361 2071 pag.
1381 2042 1421 2063 GS.

84 2053 164 2084 Petit,
189 2059 305 2083 maladies
321 2062 361 2085 des
380 2070 418 2092 os,
439 2069 500 2088 tom.
521 2067 557 2089 11.
579 2075 637 2099 pag.
655 2070 695 2093 58.

143 2097 187 2127 (G)
204 2099 271 2124 Med.
293 2101 381 2133 le'gale,
404 2107 466 2127 tom.
487 2107 524 2128 11.
542 2114 600 2138 pag.
621 2109 676 2132 115.
