1747 2620
875 251 987 295 (44)

265 335 294 360 et
316 329 462 372 grassari,
485 339 582 371 quam
605 328 670 370 ipsa
691 327 744 358 illa
771 327 810 358 de
829 327 1010 358 animorum
1033 327 1271 360 immortalitate
1294 330 1471 372 persuasio,
1495 329 1520 360 is
1544 331 1599 372 qui

264 384 357 422 velit,
388 383 483 414 habet
513 394 584 425 quae
610 383 686 413 huic
716 387 906 423 argumento
933 381 1069 425 objiciat.
1109 383 1150 413 Et
1170 382 1258 414 haud
1282 394 1346 414 una
1372 394 1464 414 causa
1492 383 1600 414 afferri

264 443 368 480 potest
389 444 420 468 et
441 438 536 476 ratio,
560 436 676 479 quibus
696 436 734 466 ad
758 436 877 466 hancce
897 435 1096 477 opinionem,
1114 435 1215 467 veluti
1234 438 1267 467 in
1289 447 1446 476 errorem,
1469 436 1600 468 adducti

265 492 327 521 sint
353 490 514 521 homiues:
549 490 579 520 iu
605 501 669 531 quo
690 500 753 519 nou
776 489 908 518 minima
930 494 992 527 est,
1018 490 1226 531 superstitum
1248 490 1370 530 luctus,
1397 502 1461 533 quo
1481 491 1602 522 amico-

265 557 337 576 rum
371 544 432 587 jam
464 544 691 574 defunctorum
718 542 872 573 desiderio
904 543 1010 584 capti,
1041 549 1110 584 post
1137 543 1309 575 decursum
1338 545 1411 576 vitae
1440 545 1600 587 spatium,

265 611 375 630 corum
397 598 628 630 consuetudine
650 597 756 628 denuo
781 597 937 628 fruituros
958 608 990 627 se
1013 596 1202 628 credebant:
1232 604 1264 628 et
1285 598 1349 629 fuit
1368 598 1489 630 scilicet
1514 598 1601 630 idem

264 653 318 683 ille
339 652 461 690 luctus,
484 663 547 695 quo
571 651 609 682 ad
628 652 808 682 animorum
827 649 1099 681 immortalitatem
1119 650 1361 683 adducebantur
1383 652 1546 693 homines,
1567 653 1602 683 in

265 707 380 745 causis,
402 706 487 749 quod
510 712 709 737 mortuorum
731 706 885 748 imagines
905 705 1014 737 videre
1035 716 1109 736 cum
1131 705 1233 748 iisque
1252 705 1341 748 loqui
1359 711 1391 737 et
1411 717 1522 749 agere,
1542 706 1601 738 sibi

264 760 469 793 tiderentur!
506 760 638 791 Accedit
666 761 761 791 etiam
790 759 985 790 desiderium
1006 760 1079 791 vitre
1105 759 1250 798 tuendae,
1283 760 1362 803 quin
1385 760 1482 791 etiam
1506 772 1601 803 supra

264 815 403 858 sepulcri
423 815 575 846 terminos
594 814 815 845 extendendae.
844 814 973 853 Quibus
994 813 1125 856 quidem
1148 813 1296 845 omnibus
1316 814 1416 857 magis
1435 813 1474 845 de
1496 814 1603 845 homi-

265 881 344 900 num
368 875 440 900 voto
462 875 493 899 ct
513 868 643 907 ardore,
669 869 723 910 qui
746 867 1018 898 immortalitatem
1042 866 1208 909 petebant,
1233 878 1329 910 quam
1352 867 1391 899 de
1410 868 1509 910 ipsius
1531 869 1603 911 opi—

265 923 368 953 nionis
402 924 533 954 veritate
553 928 711 955 ,constare
742 920 870 952 videtur
898 920 955 962 (1).
998 920 1133 962 Insuper
1162 920 1239 951 huic
1269 927 1460 964 argumento
1485 923 1603 965 opponi

265 982 386 1018 potest,
414 976 577 1007 hominem
598 987 662 1006 non
684 976 756 1006 satis
782 974 898 1005 claram
921 979 1028 1005 mente
1049 974 1108 1004 sibi
1129 974 1304 1005 informare
1328 986 1418 1017 posse
1438 977 1603 1007 notionem

266 1030 349 1074 cjus,
374 1030 451 1073 quid
472 1031 512 1061 sit
531 1031 621 1060 nillil
642 1036 674 1061 et
692 1030 782 1060 nihil
802 1040 894 1066 9389,-
922 1034 1018 1071 atque
1040 1027 1116 1059 inde
1137 1022 1202 1059 non
1227 1027 1322 1059 facile
1350 1039 1387 1059 eo
1414 1029 1603 1072 pervenire,

265 1090 303 1115 ut
334 1085 367 1114 in
400 1084 559 1124 nihilum,
591 1083 764 1127 quodquod
795 1084 834 1113 sit
863 1083 1003 1122 nesciat,
1036 1082 1208 1114 reductum
1236 1093 1269 1113 se
1299 1083 1426 1125 cogitet.
1468 1083 1504 1114 Id
1529 1094 1604 1114 sane

266 1139 409 1170 omnium
434 1140 607 1170 certissime
627 1150 736 1170 omnes
755 1138 978 1177 convinceret,
1002 1137 1027 1167 si
1048 1148 1087 1167 ex
1108 1136 1304 1167 somniorum
1321 1136 1393 1167 visis
1412 1141 1444 1166 et
1464 1136 1604 1168 defunc—

265 1199 371 1224 torum
399 1193 591 1236 imaginibus
620 1199 744 1224 certum
770 1192 989 1223 testimonium
1014 1190 1075 1222 hac
1098 1191 1131 1221 in
1160 1201 1195 1221 re
1222 1189 1346 1222 desumi
1371 1196 1490 1233 posset3
1522 1191 1604 1222 nihil

265 1258 340 1279 vero
363 1247 440 1286 tale,
462 1247 549 1289 quod
575 1247 661 1277 omni
684 1246 782 1277 dubio
806 1251 928 1283 careat,
955 1255 1100 1286 unquam
1125 1245 1249 1283 evenit,
1275 1250 1308 1275 et
1333 1245 1439 1286 potius
1460 1245 1605 1275 moeroris

265 1301 418 1332 viriditati
445 1307 541 1343 atque
563 1301 626 1331 cari
648 1300 758 1342 capitis
783 1298 960 1337 desiderio,
988 1289 1097 1329 affiisve
1118 1308 1182 1328 non
1205 1297 1304 1328 semel
1325 1298 1427 1328 causis
1454 1298 1521 1328 haec
1544 1299 1605 1328 tri-

264 1354 391 1386 buenda
413 1361 498 1386 sunt.
526 1355 607 1394 Quae
627 1355 732 1386 omnia
757 1355 782 1385 si
806 1353 1052 1396 perpendimus,
1073 1362 1202 1383 omnem
1225 1350 1323 1394 hujus
1344 1350 1527 1393 argumenti
1547 1361 1606 1382 va-

264 1409 363 1440 lox-em
382 1410 415 1440 in
432 1421 468 1440 eo
484 1410 572 1440 cerui
588 1415 756 1453 putamus,
773 1407 858 1451 quod
876 1407 1003 1439 evincat
1018 1405 1111 1437 modo
1122 1430 1130 1445 ,
1146 1406 1302 1437 rationem
1319 1404 1494 1435 humanam
1511 1403 1606 1434 facile

266 1463 338 1493 duci
362 1475 450 1505 posse
469 1463 508 1494 ad
531 1463 613 1493 hanc
634 1462 890 1505 persuasionem,
913 1471 978 1490 non
999 1470 1074 1491 vero
1090 1460 1190 1501 ipsam
1213 1458 1380 1490 veritatem
1396 1457 1603 1489 demonstret.

311 1517 408 1558 Atqui
440 1527 481 1547 ne
508 1516 651 1559 iniquius
679 1515 718 1546 de
746 1515 806 1546 hoc
835 1519 1025 1557 argumento
1053 1518 1193 1544 statuere
1216 1511 1399 1551 videamur,
1426 1523 1490 1542 non
1517 1512 1605 1542 omni

266 1575 351 1600 caret
375 1569 515 1612 pondere
538 1576 569 1600 et
593 1570 706 1612 pretio.
734 1569 846 1607 Quaeri
877 1567 964 1598 enim
995 1572 1114 1609 potest,
1142 1565 1301 1608 quomodo
1330 1565 1452 1596 factum
1481 1567 1541 1605 sit,
1568 1571 1606 1596 ut

265 1623 377 1666 populi
405 1623 473 1654 sere
502 1635 633 1662 omnes,
662 1622 821 1666 cogitandi
850 1622 1037 1664 ceteroquin
1063 1627 1094 1652 et
1119 1620 1248 1652 vivendi
1279 1620 1401 1651 ratione
1430 1619 1605 1651 admodum
1634 1633 1640 1637 -

268 1676 449 1716 dissimiles,
482 1689 518 1707 ac
541 1677 686 1720 plerique
714 1675 894 1719 philosophi
919 1676 953 1705 in
976 1674 1071 1706 rebus
1102 1674 1249 1717 plurimis
1274 1673 1353 1705 adeo
1385 1673 1606 1704 dissentientes

265 1742 322 1773 per
343 1731 447 1761 omnia
469 1730 591 1770 secula,
616 1742 753 1773 quorum
780 1730 912 1772 quidem
934 1730 1045 1760 notitia
1068 1729 1107 1760 ad
1135 1741 1190 1759 nos
1213 1728 1382 1771 pervenit,
1410 1729 1443 1759 in
1465 1739 1502 1759 eo
1527 1739 1607 1759 cou-

265 1786 442 1824 seuserint,
471 1784 557 1827 quod
589 1784 758 1815 hominum
789 1785 910 1815 animos
944 1783 1139 1814 immortales
1170 1782 1343 1821 haberent,
1376 1788 1408 1813 et
1435 1788 1471 1813 ut
1498 1782 1606 1813 haecce

266 1840 445 1881 persuasio,
469 1838 554 1881 apud
577 1850 686 1869 omnes
707 1837 858 1881 popuIOS,
881 1844 944 1869 tam
967 1844 1111 1868 constans
1131 1837 1342 1880 permanserit
1365 1836 1508 1879 altasque
1528 1835 1606 1868 adeo

269 1893 370 1935 egerit
399 1892 536 1931 radices,
562 1903 678 1935 easque
703 1903 740 1923 eo
763 1891 903 1931 altioreS,
930 1903 994 1934 quo
1015 1897 1125 1934 gentes
1146 1896 1249 1922 essent
1272 1890 1371 1933 magis
1392 1890 1522 1933 ingenio
1547 1900 1606 1920 ex-

270 1946 363 1977 cnltae
375 1945 391 1977 ’ἲ
412 1946 553 1985 Quaestio
572 1945 640 1977 haec
660 1946 841 1989 gravissima
860 1956 934 1976 sane
950 1945 1096 1988 quemvis
1112 1944 1353 1988 prudentiorem
1370 1943 1410 1976 ad
1424 1949 1604 1975 accuratam

330 2062 374 2090 (ι)
391 2062 500 2084 Ceterum
522 2069 605 2084 causas
627 2067 651 2085 et
667 2062 772 2085 rationes
790 2061 877 2092 quibus
895 2061 1024 2083 hominum
1045 2061 1089 2083 hac
1108 2060 1130 2083 iu
1153 2069 1177 2083 re
1197 2061 1321 2084 consensio
1342 2064 1399 2083 nata
1420 2059 1463 2089 sit,
1484 2058 1604 2089 eleganter

265 2102 377 2132 exposuit
394 2103 580 2133 WyUeubach,
599 2102 624 2125 in
642 2103 748 2134 quinque
767 2103 816 2125 illis
834 2102 989 2130 lectionibus,
1009 2106 1032 2124 et
1049 2101 1080 2123 ibi
1096 2102 1152 2124 lect.
1174 2103 1196 2123 Ι.
