1747 2620
906 289 917 330 (
940 290 960 318 2
984 288 995 330 )

291 369 322 394 et
342 362 456 401 officia,
478 363 682 404 investigant,
702 368 797 403 atque
814 372 875 403 qua
891 362 1011 392 ratione
1033 372 1081 392 res
1101 361 1236 404 publicae
1252 360 1433 392 ordinandae
1450 366 1482 390 et
1499 359 1602 390 admi-

290 416 472 455 nistrandae,
497 416 675 458 quibusque
699 414 848 457 praesidiis
874 414 1044 445 munienda
1065 415 1104 445 sit
1128 414 1226 446 civilis
1246 414 1373 445 libertas
1392 419 1424 444 et
1442 412 1480 443 ab
1498 413 1602 455 impe—

290 470 427 500 rantium
449 468 575 499 arbitrio
597 468 728 507 tuenda,
748 467 862 498 docent
881 474 976 509 atque
996 467 1220 498 demonstrant.
1246 467 1291 497 Ac
1311 467 1451 509 primum
1471 465 1602 507 quidem

290 522 424 564 politiore
447 522 690 564 disquisitiones,
715 520 908 563 gravioribus
934 527 1112 563 temporum
1134 519 1364 551 conditionibus
1388 519 1599 555 exsuscitatae,

289 575 382 606 rebus
400 574 603 617 praesentibus
626 574 918 613 accommodantur3
946 574 1060 605 deinde
1082 585 1171 614 vero,
1194 574 1320 606 exculto
1344 573 1442 614 magis
1462 572 1600 614 philoso-

289 628 372 670 phiae
392 628 509 666 studio,
535 628 667 659 civitatis
688 629 870 670 civiumque
890 633 1010 659 mutuae
1028 628 1162 658 rationes
1186 627 1219 657 in
1244 627 1429 657 universum
1454 630 1600 667 spectan-

288 687 356 720 tur,
375 681 561 713 firmioribus
581 682 742 724 principiis
762 687 1040 723 superstriuultur,
1061 687 1156 723 atque
1180 681 1222 711 ita
1246 680 1324 723 juris
1341 679 1460 722 publici
1481 685 1512 709 et
1527 679 1599 709 artis

288 733 422 775 politicae
450 740 623 765 nascuntur
651 734 832 776 disciplinae.
858 734 932 765 Haec
960 734 998 765 de
1023 734 1149 765 civitate
1171 739 1202 763 et
1222 733 1354 774 imperio
1381 730 1599 762 constituendo

288 786 441 828 principia
462 786 499 816 ab
520 786 741 829 insignioribus
759 787 831 818 viris
853 788 1024 829 proposita,
1045 787 1144 829 magis
1163 787 1324 828 magisque
1344 785 1458 816 deinde
1479 784 1600 815 diffun—

288 838 409 869 duntur
429 845 460 869 et
483 839 696 879 invalescunt3
723 840 813 870 aucta
835 841 978 882 gentium
998 839 1228 871 necessitudine
1252 845 1284 870 et
1304 838 1507 876 commercio,
1529 848 1600 879 quse

287 892 320 921 in
345 892 411 921 aliis
437 892 615 933 regionibus
638 893 671 921 in
696 892 800 922 lucem
827 892 946 933 prolata
972 892 1120 930 fuerunt,
1148 892 1182 922 in
1208 891 1281 921 alias
1305 891 1357 922 vel
1380 890 1599 922 remotissimas

288 949 383 974 terras
409 943 667 984 peregrinantur,
692 942 730 971 ab
752 942 913 979 omnibus,
942 944 997 983 qui
1022 943 1147 984 publica
1171 944 1295 985 negotia
1317 955 1334 974 a
1354 954 1386 974 se
1409 943 1509 974 aliena
1536 954 1599 973 non

286 995 418 1034 habeut,
445 994 559 1036 cupide
579 995 803 1036 excipiuntur,
828 1000 923 1036 atque
949 995 1071 1036 scriptis
1097 995 1223 1025 defensa
1237 1019 1245 1034 ,
1273 997 1308 1026 in>
1329 996 1442 1026 scholis
1464 996 1597 1034 tradita,

285 1049 398 1079 sensim
423 1048 638 1090 paulatimque
664 1048 825 1078 communi
850 1048 993 1078 omnium
1018 1059 1171 1078 consensu
1190 1048 1433 1087 confirmantur,
1455 1054 1492 1079 ut
1510 1049 1599 1090 quasi

285 1101 444 1144 politicam
475 1100 631 1143 quandam
661 1100 754 1131 fidem
785 1101 999 1139 constituant,
1028 1111 1144 1143 quam,
1172 1101 1227 1143 qui
1257 1100 1408 1131 haereseos
1441 1101 1474 1131 in
1504 1100 1599 1131 rebus

284 1153 419 1196 publicis
444 1154 533 1196 argui
558 1153 678 1192 nolint,
708 1153 848 1185 universi
878 1154 1077 1195 profitentur.
1108 1153 1229 1192 Quodsi
1262 1165 1369 1184 rerum
1396 1153 1598 1195 publicarum

285 1207 393 1237 formae
413 1207 446 1236 in
466 1207 558 1238 variis
575 1205 755 1248 regionibus
774 1207 899 1238 sancitae
911 1231 919 1246 ‚
943 1208 1106 1249 principiis
1127 1207 1189 1238 illis
1209 1213 1426 1240 consentaneae
1443 1219 1508 1238 non
1532 1218 1597 1238 esse

286 1260 466 1298 videantur,
486 1271 565 1291 nova
581 1258 619 1289 ab
633 1258 777 1290 omnibus
794 1259 1012 1291 desiderantur
1034 1260 1194 1291 instituta:
1211 1266 1322 1302 atque,
1339 1271 1440 1302 quum
1456 1261 1597 1291 civitates

284 1319 316 1343 et
335 1318 511 1355 temporum
532 1311 760 1343 conditionibus
781 1314 967 1353 convenire,
990 1319 1022 1344 et
1042 1324 1116 1344 cum
1136 1314 1203 1355 ipso
1224 1314 1335 1352 aetatis,
1355 1325 1449 1354 quem
1468 1313 1594 1352 dicunt,

284 1365 385 1396 Genio
414 1370 522 1407 sponte
546 1364 691 1407 progredi
715 1364 869 1406 debeant,
897 1377 958 1405 ne,
987 1367 1011 1397 si
1035 1366 1135 1397 velint
1163 1367 1300 1397 immotae
1323 1377 1468 1404 manere,
1495 1366 1533 1397 ab
1558 1377 1595 1397 eo

281 1428 426 1459 prorsum
452 1417 631 1456 trahantur,
657 1418 724 1448 fieri
752 1424 837 1449 certe
864 1419 992 1461 nequit,
1023 1419 1101 1461 quin
1126 1429 1227 1451 novus
1257 1429 1364 1449 rerum
1394 1418 1593 1460 publicarum

282 1470 357 1501 ordo
381 1480 525 1511 novaque
546 1470 710 1513 disciplina
730 1472 863 1513 receptis
887 1471 1007 1513 ubique
1033 1477 1065 1502 et
1087 1470 1320 1503 dominantibus
1344 1470 1489 1502 Politices
1511 1482 1594 1513 prae-

282 1523 379 1566 ceptis
398 1529 659 1565 attemperentur,
676 1529 707 1555 et
722 1525 780 1566 ipsi
801 1525 965 1556 civitatum
985 1524 1194 1556 moderatores
1214 1525 1303 1566 sequi
1323 1524 1375 1554 illa
1396 1530 1428 1554 et
1444 1524 1594 1556 adhibere

282 1576 316 1606 in
341 1575 472 1617 publicis
499 1576 630 1618 negotiis
655 1577 907 1609 administrandis
929 1577 1086 1609 studeant.
1117 1577 1222 1619 Atque
1242 1577 1284 1607 ita
1305 1577 1446 1619 profecto
1472 1578 1592 1615 evenit,

282 1634 320 1659 ut
341 1628 390 1658 illa
414 1627 490 1671 juris
513 1628 632 1671 publici
656 1635 688 1660 et
710 1631 783 1661 artis
805 1630 949 1673 politicae
971 1636 1154 1673 systemata,
1179 1629 1218 1660 ab
1238 1630 1370 1672 egregiis
1391 1629 1594 1672 scriptoribus

282 1681 436 1723 proposita
457 1687 488 1712 et
508 1682 648 1721 exculta,
672 1683 707 1713 in
726 1684 825 1725 ipsam
845 1683 1011 1714 hominum
1033 1684 1129 1715 vitam
1149 1688 1324 1721 transeant,
1348 1688 1384 1713 ut
1404 1682 1479 1712 adeo
1499 1682 1537 1712 ab
1557 1682 1594 1713 iis

282 1739 314 1764 et
341 1733 465 1765 libertas
492 1735 707 1777 singulorum,
736 1742 768 1767 et
797 1736 880 1768 salus
908 1736 1062 1776 civitatis,
1088 1741 1120 1767 et
1151 1736 1274 1778 generis
1299 1735 1431 1767 humaui
1460 1734 1593 1766 felicitas

283 1786 420 1828 pendere
444 1786 619 1819 videantur.

327 1838 391 1870 Nec
416 1845 521 1870 autem
545 1845 663 1871 temere
689 1841 772 1872 hanc
795 1842 982 1873 sententiam
1007 1853 1024 1873 a
1049 1852 1101 1873 me
1121 1841 1257 1884 proferri
1283 1841 1477 1872 existimetis
1513 1840 1592 1878 Quis

285 1891 370 1922 enim
394 1897 454 1930 est,
477 1892 513 1922 A.
533 1892 591 1932 Hi,
616 1894 670 1935 qui
690 1896 867 1937 negaverit,
889 1896 1084 1937 gravissimas
1103 1895 1137 1926 in
1155 1905 1261 1925 rerum
1279 1893 1478 1936 publicarum
1497 1892 1592 1923 disci-

285 1942 370 1985 plina
395 1945 601 1984 mutationes,
630 1948 802 1988 praesertim
826 1949 1000 1978 recentiore
1029 1953 1118 1978 aetate
1148 1947 1264 1984 factas,
1296 1956 1440 1988 maguam
1469 1951 1589 1987 partem

284 1996 417 2038 politicis
441 1997 587 2028 doctrinis
609 1999 790 2032 tribuendas
813 2000 898 2032 esse'?
921 2001 1001 2039 Quis
1021 2011 1128 2032 rerum
1152 1998 1350 2042 politicarum
1375 1998 1451 2029 adeo
1473 1997 1591 2029 exsistit

284 2049 426 2091 ignarus,
447 2051 525 2092 quin
549 2050 660 2082 debeat
681 2064 867 2095 agnoscere,
894 2054 927 2084 in
951 2053 1164 2085 doctrinarum
1187 2051 1311 2083 illarum
1333 2047 1366 2082 v'i
1385 2056 1416 2081 et
1438 2054 1589 2092 potestate
