1747 2620
918 253 931 295 (
955 254 975 286 8
999 253 1012 296 )

352 330 556 374 AEquationes
581 328 627 371 (ι)
651 334 683 360 et
707 327 753 371 (a)
775 339 792 359 a
814 338 846 359 se
868 327 1007 359 invicem
1026 325 1179 369 pendent.

350 387 498 425 Quatuor
534 390 628 415 rectae
659 394 717 426 per
752 388 911 426 punctum
940 382 959 412 S
996 381 1122 419 ductae,
1160 390 1279 410 nomen
1306 386 1500 424 acceperunt
1521 380 1637 424 fascis

305 440 488 472 harmonici
513 438 707 480 (Fctisceau
727 436 969 477 har-mortique).

651 511 701 541 DE
747 509 1030 548 QnAomLATERo
1077 508 1282 539 Compmzro.

349 589 497 626 Quatnor
517 591 636 628 puncta
652 584 693 623 A,
714 584 754 623 B,
777 583 801 613 C
816 588 848 613 et
862 583 890 613 D
911 583 944 613 in
967 593 1032 613 uno
1053 581 1230 624 eodemque
1245 582 1340 625 plano
1361 582 1479 625 posita,
1506 589 1638 624 possunt

304 643 346 672 ita
370 650 435 672 esse
457 640 621 682 disposita,
644 644 680 670 ut
701 637 958 680 unumquodque
978 648 1018 667 ex
1042 636 1081 667 iis
1103 647 1229 679 semper
1247 642 1336 667 extra
1353 637 1460 667 aream
1486 637 1638 680 trianguli

302 694 404 726 tribus
437 694 505 725 aliis
535 693 679 732 formati,
706 691 758 724 vel
784 697 820 722 nt
845 703 950 723 unum
980 697 1108 722 tantum
1133 701 1171 720 ex
1200 689 1261 720 illis
1286 690 1320 720 in
1346 701 1452 720 aream
1484 691 1638 734 trianguli

303 748 404 780 tribus
432 747 501 778 aliis
525 747 673 786 formati,
700 745 800 777 cadat.
835 745 871 775 In
895 745 999 787 primo
1029 755 1118 782 casu,
1152 742 1216 774 duo
1241 742 1454 785 quadrilatera
1486 750 1640 786 poterunt

302 801 449 840 formari,
475 800 596 831 scilicet
613 811 717 831 unum
739 797 849 829 ABCD
874 797 950 840 (fig.
967 797 1029 839 9),
1051 796 1188 827 alterum
1210 803 1317 828 autem
1342 796 1451 827 ABCD
1474 797 1547 840 (fig.
1574 799 1639 840 10)

302 867 340 886 ex
358 854 482 886 duobus
504 853 670 896 triangulis
687 852 726 883 ad
744 852 895 883 verticem
915 851 1065 893 oppositis
1084 851 1306 892 compositum.
1334 851 1371 881 In
1389 851 1530 882 secundo
1547 863 1638 892 casu,

301 910 435 940 unicum
453 907 705 951 quadrilaterum
728 917 832 937 unum
850 904 1007 947 angulum
1024 904 1106 934 BCD
1123 904 1295 935 introrsum
1316 903 1448 947 gibbum
1467 905 1639 945 exhibens,

304 964 433 994 formari
453 962 568 1005 poterit
592 961 663 1003 (sig.
685 962 721 990 11
734 960 762 1002 ):
782 959 830 990 12ae
846 964 909 989 tres
926 958 1102 999 figurarum
1120 957 1240 999 species
1256 963 1411 989 vocantur
1425 958 1639 999 quadrilatera

302 1016 473 1059 simplicia,
499 1015 553 1046 sed
574 1016 599 1045 si
624 1015 657 1044 in
679 1022 876 1056 unoquoque
901 1021 941 1042 ex
970 1010 1036 1041 istis
1063 1010 1284 1053 producantur
1305 1010 1404 1042 latera
1429 1012 1570 1054 opposita
1595 1013 1639 1044 ita

301 1076 339 1101 ut
354 1080 420 1100 sese
435 1069 573 1100 invicem
589 1073 713 1106 secent,
734 1067 843 1109 figurae
860 1075 932 1107 quae
951 1075 990 1094 ex
1012 1063 1069 1094 ista
1082 1065 1318 1095 constructione
1336 1071 1528 1105 nascuntur,
1542 1072 1639 1097 erunt

302 1124 482 1166 compositae
515 1133 556 1153 ex
587 1122 673 1152 hisce
706 1119 805 1151 tribus
836 1117 1104 1160 quadrilateribus
1133 1117 1341 1160 simplicibus.
1382 1118 1547 1151 Vocantur
1573 1120 1639 1151 istae

301 1178 425 1219 figurae,
454 1175 695 1214 Quadrilatem
716 1173 880 1214 completa
905 1170 1181 1212 (Quaclrilatdres
1208 1173 1366 1213 complets
1379 1172 1402 1214 ).

346 1231 396 1260 Sic
421 1228 674 1271 quadrilaterum
697 1224 893 1268 completum
923 1229 970 1254 est
995 1225 1097 1265 figura
1123 1236 1162 1255 ex
1188 1224 1410 1268 conjonctione
1433 1226 1531 1257 trium
1557 1237 1640 1269 qua-

301 1284 488 1315 drilaterum
512 1281 707 1324 simplicium
731 1280 877 1310 formata.
904 1277 1065 1308 ABECFD
1086 1277 1163 1320 (fig.
1185 1278 1242 1321 9),
1259 1278 1347 1310 verbi
1364 1279 1479 1321 gratia,
1497 1280 1641 1311 continet

303 1340 336 1368 1ο
358 1336 611 1380 quadrilaterum
633 1334 760 1373 ABCD,
788 1334 822 1364 2⁰
843 1331 1097 1375 quadrilaterum
1117 1332 1239 1372 BEDF,
1261 1332 1386 1364 duobus
1406 1333 1574 1376 triangulis
1600 1333 1640 1365 ad

301 1392 454 1423 verticem
472 1390 622 1434 oppositis
642 1394 801 1428 constans,
828 1387 862 1418 3⁰
881 1386 1133 1429 quadrilaterum
1155 1385 1263 1417 AECF
1284 1386 1442 1429 angulum
1464 1387 1639 1418 introrsum

301 1445 431 1477 liabens.

345 1499 507 1542 Quodque
534 1497 824 1541 quadrilaterornin
852 1494 1047 1537 simplicium
1073 1493 1152 1525 (luas
1178 1493 1322 1525 continet
1351 1493 1554 1536 diagonaleS,
1583 1494 1639 1525 sed

302 1553 395 1584 facile
419 1552 525 1585 videre
547 1557 594 1583 est
615 1557 677 1582 tres
703 1549 809 1581 adesse
830 1550 863 1580 in
885 1547 1100 1591 quadrilatero
1120 1547 1290 1590 completo.

755 1683 782 1713 T
792 1683 819 1713 H
830 1684 856 1713 E
866 1682 893 1713 O
904 1683 927 1713 R
938 1682 1006 1714 EM
1017 1682 1043 1713 A
1102 1682 1185 1713 Vssffl.

347 1770 383 1800 In
410 1768 496 1800 omni
518 1766 733 1810 quadrilatero
763 1766 937 1809 completo,
963 1776 1101 1808 quaeque
1124 1766 1223 1797 trium
1248 1764 1482 1807 diagonalium‚
1509 1766 1543 1796 in
1564 1776 1640 1808 seg-

303 1830 409 1856 menta
436 1820 682 1866 proportionalia
708 1820 831 1852 duabus
855 1820 961 1851 alteris
983 1826 1118 1851 secatur.

347 1879 522 1908 Demonst.
555 1875 625 1906 Sint
655 1874 849 1905 ABFCGDA
872 1873 1122 1916 quadrilaterum
1152 1873 1367 1917 propositum,
1394 1878 1426 1904 et
1447 1873 1477 1910 l,
1502 1885 1534 1903 m
1558 1879 1591 1904 et
1615 1885 1639 1904 n

303 1937 422 1976 puncta
436 1932 469 1962 in
481 1930 597 1973 quibus
609 1940 674 1960 sese
686 1930 824 1960 invicem
835 1935 942 1960 secant
953 1934 1016 1960 tres
1026 1928 1205 1971 diagonales
1216 1927 1283 1967 DB,
1295 1927 1350 1958 GF
1363 1932 1395 1958 et
1404 1927 1468 1958 AC.
1481 1927 1556 1970 (fig.
1569 1926 1635 1969 12).

346 1984 561 2028 Triangulum
587 1983 667 2014 ABC
695 1989 833 2023 sectum,
859 1982 1119 2015 transversalibus
1143 1983 1217 2022 DA,
1243 1981 1298 2012 DB
1325 1986 1358 2012 et
1382 1980 1439 2012 DC
1463 1992 1503 2012 ex
1525 1980 1636 2012 eodem

303 2046 424 2085 puncto
451 2040 479 2071 D
503 2039 594 2077 ortis,
625 2036 928 2080 transeuntibusque
949 2047 1006 2080 per
1029 2037 1162 2067 vertices
1183 2036 1226 2076 A,
1251 2035 1276 2065 B
1297 2040 1330 2066 et
1354 2034 1399 2076 C,
1430 2034 1484 2066 dat

545 2090 1168 2130 Al><CG><BF=AF><Cl><BG.
1211 2113 1461 2122 ........
1486 2088 1543 2130 (ι).
