1747 2620
694 249 701 261 ‘
898 250 909 292 (
934 249 998 289 140
1022 248 1032 291 )

296 335 329 360 et
354 328 493 370 denique
520 332 589 370 post
613 327 744 368 longum
772 330 820 355 sat
847 329 995 365 tempus,
1026 322 1110 353 lenta
1142 327 1174 352 et
1200 320 1339 352 crudelis
1363 319 1524 351 doloribus
1548 332 1631 352 mors

296 383 440 414 accedat:
470 383 503 412 in
529 381 677 411 omnibus
700 379 791 422 equis
811 379 844 409 in
870 377 986 421 quibus
1009 375 1134 418 ganglia
1155 374 1322 407 cervicalia
1344 374 1507 417 superiora
1528 372 1631 405 ablata

296 437 387 468 fuere
418 436 528 467 eadem
555 446 620 465 sese
645 434 855 476 phaenomena
880 431 1116 462 exhibuerunt:
1142 430 1167 460 si
1193 429 1275 461 illud
1296 435 1404 460 autem
1429 440 1542 460 verum
1568 434 1631 468 est,

294 501 460 534 possumus
482 495 575 525 tunc,
594 486 713 528 absque
738 484 802 516 ulla
819 484 1017 515 dubitatione
1038 491 1070 515 et
1088 496 1103 515 a
1124 484 1245 515 fortiori
1266 483 1396 526 quidem
1419 482 1630 514 concludere:

294 545 448 575 sauciatos
468 553 593 580 omneS,
617 541 673 583 qui
694 540 754 571 tria
770 538 865 570 simul
882 537 1008 581 ganglia
1029 537 1195 568 cervicalia
1210 536 1281 568 laesa
1297 536 1439 568 habuere
1460 535 1499 577 (e
1514 534 1631 578 quibus

294 599 374 630 rami
394 596 529 628 cardiaci
549 594 760 637 emergunt),
778 592 831 625 vel
850 591 936 635 apud
953 603 1032 634 quos
1052 591 1143 634 plura
1165 591 1290 634 ganglia
1308 591 1481 622 Thoracica
1496 589 1631 622 vulnere

293 652 462 683 dilacerata
485 651 595 688 fuere,
619 648 794 680 necessario
815 647 974 689 perituros
995 656 1071 676 esse.
1098 645 1234 687 Ipseque
1249 644 1418 686 Hoogvliet
1433 643 1480 686 (1)
1498 644 1532 674 in
1549 642 1630 674 libro

293 705 332 736 de
353 703 511 736 medicina
532 702 627 745 legali
646 701 824 743 conscripto
845 699 999 730 declarat:
1017 710 1131 731 nervos
1152 698 1310 729 cardiaces
1329 709 1393 729 non
1410 696 1631 729 tantummodo

291 759 417 790 lethum
441 756 617 800 producere
638 756 663 786 si
683 755 814 786 omnino
834 753 1083 793 abscinduntur,
1109 753 1164 784 sed
1184 758 1217 784 et
1236 753 1349 792 etiam,
1376 763 1479 795 quum
1504 757 1631 783 tantum

293 812 490 850 lacerantur,
517 815 648 853 propter
667 820 805 851 spasmos
824 808 859 839 in
878 807 995 851 quibus
1015 818 1069 839 cor
1088 813 1121 838 et
1141 806 1369 839 circumvicina
1391 817 1509 848 organa
1528 804 1632 849 conji-

293 866 441 904 ciuntur,
468 870 603 895 mortem
626 873 767 893 causare.

418 987 569 1015 QUAEDAM
614 988 654 1007 DE
699 987 917 1007 VULNERIBUS
963 987 1024 1006 PER
1070 985 1237 1005 ACCIDENS
1282 983 1510 1004 LETIIALIBUS.

338 1082 459 1113 Omnes
489 1080 631 1111 laesiones
656 1090 728 1122 quae
759 1089 865 1121 neque
892 1077 1051 1117 absolute,
1083 1088 1189 1120 neque
1220 1088 1278 1120 per
1303 1087 1336 1108 se
1365 1082 1499 1116 necant,
1525 1081 1632 1107 tamen

293 1134 452 1179 adjunctis
471 1132 689 1165 accidentibus
704 1131 895 1174 quibusdam
913 1131 1070 1161 lethiferae
1086 1132 1154 1162 fieri
1175 1137 1326 1173 possunt:
1347 1129 1476 1174 jamjam
1492 1129 1633 1161 diximus

293 1189 413 1220 vulnus
434 1199 492 1230 per
514 1186 660 1217 accidens
682 1185 884 1216 mortiferum
906 1183 1062 1227 ejusmodi
1082 1184 1200 1216 vulnus
1222 1195 1304 1224 esse,
1327 1184 1413 1227 quod
1436 1185 1470 1215 in
1496 1195 1528 1215 se
1550 1183 1633 1215 nihil

293 1241 421 1273 exitiale
448 1240 705 1283 perniciosumve
734 1238 916 1275 continens,
948 1242 1075 1275 tamen,
1101 1237 1291 1279 quibusdam
1317 1238 1542 1270 accedentibus
1568 1239 1632 1269 cir-

292 1295 491 1327 cumstantiis
512 1293 750 1336 (accidentium
771 1291 902 1322 nomine
921 1290 1113 1333 designatis)
1133 1291 1397 1334 aggravantibus,
1416 1292 1495 1323 adeo
1510 1292 1633 1324 immu-

292 1355 395 1388 tatur,
425 1354 463 1380 ut
485 1353 642 1387 mortem,
674 1357 772 1389 quam
800 1345 995 1387 caeteroquin
1017 1355 1082 1375 non
1104 1345 1321 1387 produxisset,
1352 1357 1441 1378 nunc
1469 1354 1630 1389 provocet.

292 1403 477 1436 Accidentia
497 1403 602 1433 omnia
624 1401 675 1433 vel
693 1402 727 1432 in
753 1400 892 1432 sauciato
915 1399 1144 1439 inveniuntur,
1170 1399 1221 1431 vel
1247 1406 1335 1431 extra
1358 1400 1451 1431 illum
1477 1401 1629 1433 existunt.

336 1459 430 1489 Prius
451 1468 553 1500 genus
575 1456 624 1487 vel
645 1456 678 1486 in
700 1455 767 1498 ipsa
788 1460 879 1497 parte
899 1453 989 1492 laesa,
1010 1453 1061 1486 vel
1082 1455 1227 1496 quamvis
1247 1454 1279 1484 in
1296 1453 1466 1485 vulnerato
1487 1456 1632 1498 reperia-

292 1518 361 1551 tur,
383 1517 523 1542 attamen
545 1516 633 1541 extra
655 1509 781 1552 plagam
804 1507 1014 1551 quaerendum
1037 1513 1100 1538 est:
1121 1508 1263 1538 existunt
1285 1508 1363 1539 varii
1383 1507 1473 1539 lusus
1489 1514 1629 1548 naturae,

293 1566 349 1608 qui
370 1565 595 1607 organisationi
616 1564 757 1606 partium
776 1568 878 1593 certos
900 1561 1097 1592 characteres
1112 1562 1322 1604 imprimunt,
1343 1561 1460 1604 quibus
1478 1562 1629 1602 efficitur,

292 1625 329 1650 ut
363 1618 489 1662 injuriae
518 1624 658 1649 externae
689 1616 884 1659 caeteroquin
916 1616 1064 1647 innoeuae
1097 1616 1294 1658 gravissimas
1322 1616 1466 1659 sequelas
1499 1623 1570 1660 post
1597 1628 1630 1648 se

293 1672 420 1703 trahere
451 1671 589 1702 soleant:
619 1671 738 1702 etenim
768 1676 910 1713 prostant
937 1670 1081 1713 exempla
1111 1670 1373 1710 individuorum,
1400 1682 1539 1714 quorum
1565 1683 1630 1702 ossa

293 1726 392 1757 cranii
409 1725 494 1756 tanta
510 1725 742 1764 teneritudine,
760 1724 911 1767 tantzique
928 1724 1062 1755 mollitie
1083 1725 1252 1768 conspicua
1269 1730 1360 1763 sunt,
1382 1730 1420 1756 ut
1434 1725 1516 1756 ictus
1533 1724 1628 1764 levis,

293 1785 325 1810 et
345 1780 401 1822 qui
426 1778 512 1821 apud
537 1778 613 1809 alios
638 1778 783 1809 homines
808 1778 913 1810 nullos
937 1779 1070 1810 effectus
1094 1779 1222 1812 nocivos
1248 1778 1492 1818 determinaret,
1521 1785 1629 1811 tamen

293 1833 379 1875 apud
408 1832 500 1863 illum
536 1832 713 1863 fracturam
746 1833 866 1872 cranii,
898 1834 1004 1864 onmia
1036 1833 1152 1864 exinde
1186 1833 1398 1865 redundantia
1428 1833 1628 1864 incommoda

293 1886 502 1929 periculaque
526 1887 590 1916 imo
613 1887 713 1929 ipsam
742 1893 876 1918 mortem
898 1893 968 1930 post
990 1898 1022 1918 se
1046 1887 1172 1919 trahere
1192 1893 1313 1930 posset:
1342 1898 1414 1930 quae
1438 1893 1517 1918 tunc
1543 1892 1629 1918 certe

294 1952 358 1971 non
382 1941 461 1971 ictui
483 1939 530 1970 illi
553 1940 607 1970 sed
632 1941 737 1982 potius
763 1941 853 1972 malae
875 1941 974 1972 cranii
996 1942 1258 1982 conformationi,
1283 1941 1474 1974 individuali
1497 1940 1629 1972 sauciati

355 2054 398 2084 (ι)
417 2053 558 2084 Hoogvliet,
578 2061 632 2085 pag.
651 2054 703 2077 228.
