1747 2620
907 272 918 316 (
944 276 985 304 10
1009 275 1021 316 )

303 349 460 380 extraneis
492 350 730 381 communicari.
767 349 883 382 Civitas
911 348 1042 391 quidem
1073 354 1179 388 certe,
1211 358 1357 379 concesso
1377 349 1536 380 extraneis
1559 348 1632 393 jure

304 404 504 435 fortunarum
526 416 656 435 suarum
674 404 780 435 sedem
798 404 830 434 in
851 403 1010 434 territorio
1026 402 1181 442 habendi,
1203 402 1379 445 generatim
1401 414 1531 446 quoque
1549 403 1632 435 velle

302 470 337 488 ac
361 459 538 489 consentire
562 458 702 497 videtur,
731 463 767 488 ut
787 458 809 488 ii
831 457 892 500 jam
913 469 976 488 non
999 457 1075 499 ipsi,
1098 468 1157 487 nec
1178 468 1235 499 pro
1256 457 1293 487 iis
1314 457 1424 489 civitas
1445 458 1632 500 peregrina,

303 511 423 555 jurium
444 513 686 554 originariorum
708 523 820 550 usum,
848 518 910 541 tam
930 522 1002 553 erga
1028 511 1112 541 cives
1131 522 1227 553 quam
1250 522 1323 553 erga
1346 511 1524 550 civitatem,
1546 510 1634 542 ordi-

304 572 381 596 nent
410 577 445 596 ac
476 565 702 604 moderentur,
730 565 769 595 de
793 565 916 608 juribus
947 565 1011 595 suis
1036 566 1245 596 controversis
1273 571 1329 596 aut
1357 565 1438 596 laesis
1467 565 1633 608 judicent,

303 630 380 650 eave
399 618 437 648 ab
458 618 583 662 injuriis
604 620 635 649 vi
660 625 828 657 tueantur,
852 630 964 651 verum
987 625 1023 650 ut
1043 619 1126 661 ipsa,
1150 630 1252 662 eaque
1273 618 1336 649 sola
1354 630 1465 650 eorum
1486 618 1556 662 jura
1579 630 1634 649 ac-

304 678 412 703 curate
434 672 579 711 definiat,
601 672 716 704 deinde
737 684 771 703 ea
795 674 827 703 in
848 672 982 704 dubium
1007 679 1114 704 vocata
1136 673 1314 705 secundum
1336 673 1422 716 leges
1447 674 1634 704 constitutas

305 726 445 766 decidat,
463 733 495 757 et
514 727 653 769 denique
674 740 690 758 a
713 728 833 758 civium
856 738 985 758 suorum
1004 733 1059 758 aut
1080 727 1214 759 aliorum
1230 727 1432 759 subditorum
1450 726 1635 758 laesionibus

304 779 465 810 defendat.
492 781 526 811 ld
552 782 637 811 euim
659 781 834 812 necessario
853 781 953 823 exigit
975 781 1148 822 imperium
1169 781 1306 812 civitatis
1326 781 1491 812 internum
1517 786 1550 811 et
1578 792 1636 811 su-

304 845 413 876 prema
434 834 570 876 reipubl.
594 834 693 874 salus,
717 846 757 866 ne
775 835 806 865 in
826 834 983 865 territorio
1001 839 1189 876 perpetuam
1209 833 1316 864 sedem
1336 834 1475 865 habeant
1490 834 1636 865 homines

304 888 358 918 illo
380 889 512 930 imperio
538 888 643 919 soluti.
676 888 757 926 Quae
782 894 890 918 tamen
912 888 1080 918 necessitas
1102 899 1203 930 quum
1226 899 1289 919 non
1316 887 1394 919 adeo
1419 888 1482 918 late
1507 894 1635 930 pateat,

302 948 450 983 respectu
475 952 584 971 eorum
608 942 664 982 qui
689 947 925 982 temporaneam
951 946 1078 970 tantum
1107 941 1140 970 in
1170 942 1328 972 territorio
1353 941 1637 972 commorationem

304 994 443 1033 faciunt,
470 994 540 1024 ideo
561 1005 667 1036 neque
691 999 754 1024 tam
776 993 838 1024 late
862 993 1048 1024 extenditur
1069 994 1309 1024 commodorum
1336 994 1481 1025 civilium
1506 1005 1580 1024 cum
1602 994 1641 1022 iis

305 1048 561 1079 communicatio.
583 1048 646 1078 Hos
664 1049 750 1078 enim
768 1047 884 1078 sufficit
898 1047 1036 1090 legibuS,
1055 1047 1094 1078 de
1111 1047 1237 1091 injuriis
1250 1047 1283 1077 in
1297 1047 1425 1077 civitate
1441 1044 1637 1084 avertendis,

304 1101 374 1132 latis
404 1101 642 1144 obtemperare,
670 1100 816 1144 judiciis,
848 1101 952 1143 quoad
985 1100 1113 1132 illarum
1142 1100 1300 1132 ambitum
1333 1106 1365 1131 et
1391 1099 1640 1142 applicationem

305 1166 433 1197 parere,
459 1166 565 1197 neque
589 1156 619 1185 vi
640 1154 777 1197 publicae
798 1154 832 1185 in
854 1154 990 1184 civitatis
1013 1155 1199 1197 civiumque
1218 1153 1353 1185 tutelam
1374 1152 1525 1184 adhibitae
1545 1153 1641 1183 resis-

304 1214 388 1248 tere,
411 1208 554 1250 adeoque
574 1208 606 1238 id
629 1214 753 1239 tantum
774 1207 912 1250 reipubl.
934 1208 1018 1239 salus
1038 1209 1190 1251 requirit,
1217 1214 1254 1239 ut
1274 1219 1370 1238 suum
1391 1207 1425 1237 in
1443 1206 1513 1237 illos
1535 1207 1640 1248 impe-

304 1264 389 1293 rium
415 1262 518 1294 valeat
546 1263 577 1292 iu
604 1261 771 1301 omnibus,
804 1273 876 1304 quae
903 1261 943 1292 ad
969 1263 1173 1292 securitatem
1201 1260 1364 1304 publicam
1395 1266 1452 1291 aut
1482 1260 1640 1302 privatam

305 1316 476 1347 intersunt.
508 1316 656 1358 Denique
676 1315 745 1346 illos
767 1314 884 1357 quibus
906 1326 989 1358 resp.
1007 1326 1157 1358 agrorum
1179 1315 1362 1346 commercii
1382 1314 1521 1345 faciendi
1540 1313 1641 1345 bene-

305 1371 413 1401 ficium
435 1371 602 1409 concessit,
624 1369 741 1400 fundos
761 1382 776 1400 a
797 1380 829 1400 Se
851 1379 1005 1412 possessos
1019 1381 1083 1400 non
1101 1369 1281 1401 subducere
1302 1369 1437 1411 imperio
1458 1367 1641 1399 territoriali

305 1425 440 1456 civitatis
461 1424 575 1462 refert,
601 1435 702 1466 quum
725 1434 849 1454 summo
870 1434 964 1465 scopo
985 1434 1002 1453 a
1022 1422 1144 1454 civibus
1163 1423 1196 1453 iu
1219 1431 1391 1453 commune
1416 1420 1641 1463 consequendo

305 1478 508 1517 adversetur,
534 1484 566 1508 et
593 1479 652 1520 ipsi
674 1478 824 1508 territorii
851 1476 1008 1520 cujusque
1033 1477 1155 1507 notioni
1179 1480 1355 1518 repugnet,
1382 1479 1419 1506 ut
1445 1473 1551 1517 aliqua
1572 1472 1642 1518 ejus

306 1544 378 1575 pars
401 1531 569 1574 peregriua
590 1537 719 1572 regatur
739 1536 893 1573 potestate
914 1530 971 1572 (1).

351 1618 410 1648 XI.
445 1617 513 1649 Alia
535 1618 629 1649 etiam
656 1618 778 1648 ratione
801 1618 972 1648 accessorie
997 1616 1156 1659 obligatur
1181 1616 1291 1647 civitas
1311 1614 1350 1646 ad
1374 1615 1453 1646 certi
1475 1613 1642 1658 cujusdam

308 1672 466 1704 commodi
484 1672 584 1703 civilis
604 1683 696 1703 usum
714 1677 866 1702 extraneo
884 1670 1155 1714 permittendum,
1177 1669 1275 1712 idque
1294 1668 1458 1700 interdum
1475 1668 1507 1699 vi
1524 1667 1642 1700 volun—

309 1728 381 1757 tatis
401 1738 466 1757 suze
487 1737 633 1768 expresse
654 1725 837 1764 declaratae,
862 1725 991 1768 quaudo
1012 1725 1097 1768 leges
1120 1724 1190 1768 ejus
1214 1723 1310 1755 talem
1336 1722 1488 1754 effectum
1514 1721 1640 1752 cuidam

308 1780 469 1823 peregrini
494 1780 577 1810 facto
602 1778 769 1819 tribuunt3
796 1790 860 1822 quo
884 1780 1024 1822 pertinet
1045 1779 1092 1811 vis
1114 1778 1223 1820 legum
1246 1776 1391 1815 illarum,
1417 1786 1489 1818 quae
1509 1780 1641 1806 actuum

308 1835 342 1865 in
367 1835 525 1865 territorio
545 1834 605 1864 rite
626 1839 786 1875 gestorum
812 1833 906 1864 fidem
928 1833 1159 1872 determinant,
1185 1831 1311 1874 aliaque
1332 1830 1437 1873 plura.

354 1888 519 1918 Interdum
539 1893 647 1918 autem
666 1898 835 1918 consensus
852 1889 910 1919 iste
928 1894 1092 1930 tamquam
1114 1886 1253 1918 conditio
1276 1884 1449 1916 necessaria
1467 1883 1504 1914 iis
1517 1881 1644 1926 legibus

313 1944 405 1974 tacite
425 1942 551 1974 videtur
570 1942 685 1981 inesse,
707 1953 778 1983 quae
799 1943 975 1985 peregrinis
993 1942 1201 1985 permittunt,
1223 1945 1260 1972 ut
1277 1939 1346 1984 jura
1364 1938 1508 1982 quaedam
1527 1937 1643 1969 adver-

310 2009 362 2028 sus
388 1998 492 2036 civeS,
522 2002 577 2027 aut
607 1997 640 2026 in
672 1995 780 2027 fundis
811 1997 876 2027 suis
901 1996 1083 2039 adquirant.
1117 1995 1229 2035 Quum
1256 1994 1343 2025 enim
1369 1993 1481 2025 civitas
1506 1991 1642 2023 tolerare

369 2111 412 2140 (ι)
428 2110 466 2132 Cf.
485 2110 573 2139 Romi,
590 2110 647 2133 diss.
663 2109 730 2133 laud.
748 2109 842 2132 lutrod.
860 2110 873 2140 §
891 2110 1030 2134 XI-XIV'.
