1747 2620
538 376 712 413 CAPUT
758 372 1011 407 TERTIUM.

128 504 162 525 IN
192 502 262 530 QUO
291 498 494 522 EXPONITUR
524 492 819 517 ARGUMENTORUM
852 489 1042 510 MORALIUM
1071 486 1148 508 SIVE
1177 482 1428 506 PRACTICORUM

587 560 643 582 V!S
676 560 718 580 ΕΤ
752 556 963 578 MOMENTUM.

152 667 303 699 Vidimus
325 663 520 709 praecedenti
544 663 648 705 capite
670 660 880 704 quaestionem
902 657 941 688 de
967 655 1149 687 animorum
1170 648 1409 684 immortalitate
1430 646 1456 677 si

108 723 325 767 speculative,
355 727 393 753 ut
415 720 548 758 dicitur,
575 717 780 753 instituatur,
805 712 915 744 multis
936 707 1177 741 difficultatibus
1204 704 1328 749 premi,
1358 707 1456 744 atque

108 778 169 810 hac
190 777 314 809 ratione
335 775 414 807 certi
434 773 517 805 nihil
538 771 619 803 effici
640 779 741 812 posse.
768 766 865 806 Quod
888 776 961 796 cum
981 764 1024 795 ita
1047 763 1103 803 sit,
1129 756 1457 802 circumspiciendum

110 839 174 872 est,
199 844 240 864 an
260 843 326 863 non
347 830 407 862 alia
430 827 569 873 quadam
591 826 641 858 via
663 822 838 867 procedere
862 821 973 858 liceat,
998 829 1061 861 qua
1082 822 1188 848 nostro
1208 809 1457 845 immortalitatis

111 886 267 919 desiderio
298 884 414 916 melius
438 882 588 919 satisfiat,
621 878 797 919 nullusque
834 872 1007 916 scrupulus
1034 877 1131 913 atque
1158 867 1327 900 difficultas
1355 864 1458 896 relin-

111 948 242 985 quatur.
272 939 429 971 Eamdem
450 942 560 967 autem
586 932 794 975 quaestionem
814 928 954 971 practico
975 927 1072 957 etiam
1097 923 1191 955 modo
1208 920 1333 953 institui
1351 929 1457 962 posse,

114 1001 206 1026 antea
229 993 293 1037 jam
317 992 439 1023 (lictum
461 995 518 1021 est.
551 986 647 1027 Quod
670 986 694 1016 si
715 985 786 1023 fiat,
812 982 945 1025 quaestio
966 980 1031 1012 huc
1052 978 1151 1011 redit:
1176 988 1216 1009 an
1242 974 1359 1008 rationi
1381 984 1460 1004 con-

113 1047 220 1087 venit,
247 1045 378 1077 credere
399 1049 496 1086 atque
520 1042 610 1072 firma
632 1039 694 1070 fide
719 1038 901 1068 animorum
924 1032 1198 1065 immortalitatem
1218 1039 1393 1067 assumere,
1416 1027 1459 1058 ita

114 1107 168 1138 ut,
192 1105 262 1141 post
282 1097 446 1140 physicam
462 1095 562 1137 ipsius
580 1093 613 1124 in
631 1092 693 1123 hoc
710 1089 832 1121 mundo
852 1087 993 1119 sensibili
1009 1086 1275 1129 disjunctionem,
1293 1081 1461 1114 nihilomi—

114 1164 176 1185 nus
200 1158 364 1193 tamquam
389 1154 505 1179 natura
532 1144 661 1177 moralis
684 1144 801 1181 homo,
837 1141 934 1173 nullis
960 1140 1112 1182 temporis
1138 1136 1295 1169 limitibus
1320 1136 1462 1166 circum-

114 1207 267 1250 scriptus»,
295 1204 431 1235 existere
459 1207 556 1244 atque
579 1209 673 1243 agere
697 1195 832 1240 pergat?
858 1195 930 1227 Huc
950 1195 1048 1238 igitur
1074 1193 1274 1236 potissimum
1297 1190 1463 1233 pertinent

115 1265 307 1304 argumenta
332 1258 385 1289 illa
410 1256 541 1289 moralia
563 1255 629 1287 sive
650 1253 808 1296 practica,
835 1250 953 1294 quibus
976 1248 1076 1280 animi
1100 1245 1374 1278 immortalitatem
1397 1254 1463 1275 non

115 1315 334 1346 demonstrare
357 1311 507 1354 quidem,
533 1308 588 1340 sed
610 1307 748 1339 maxima
771 1317 845 1337 cum
870 1303 987 1335 fiducia
1010 1308 1043 1334 et
1063 1312 1102 1333 ex
1120 1301 1250 1333 rationis
1273 1299 1463 1331 auctoritate

115 1381 188 1401 eam
214 1366 471 1411 amplectendam
494 1375 575 1403 esse,
598 1362 790 1394 convincere
814 1359 872 1391 sibi
894 1362 1081 1403 proponunt
1099 1353 1308 1401 philosophi?
1338 1354 1375 1385 In
1393 1352 1464 1384 haec

116 1423 181 1468 jam
205 1422 386 1454 accuratius
408 1417 642 1464 inquirendum
667 1421 726 1448 est.

738 1510 832 1553 §1-

210 1616 293 1641 QUID
326 1615 380 1635 SIT
414 1612 582 1633 RATIOMS
616 1608 839 1631 AUCTORITAS
874 1608 914 1628 ET
943 1607 1060 1634 FIDES,
1096 1605 1180 1631 QUID
1213 1590 1376 1624 VALEAT?

166 1701 214 1733 Ad
244 1701 412 1733 veritatem
449 1697 681 1742 agnoscendam
706 1702 738 1728 et
763 1693 1020 1738 amplectendam
1048 1691 1099 1725 vel
1123 1691 1250 1722 faciunt
1276 1694 1465 1732 argumenta

126 1755 296 1798 objectiva,
322 1766 394 1798 quae
415 1766 432 1785 a
452 1765 486 1785 re
503 1752 642 1797 quadam
660 1750 800 1795 objecta,
827 1749 920 1794 cujus
935 1747 1251 1791 repraesentationem
1267 1750 1298 1775 et
1319 1743 1465 1774 notitiam

127 1810 276 1853 consequi
302 1809 412 1853 liceat,
438 1807 664 1845 deducuntur,
691 1804 743 1838 vel
767 1809 958 1848 argumenta
979 1802 1172 1846 subjectiva,
1198 1810 1289 1843 quae,
1317 1809 1392 1829 cum
1418 1808 1468 1828 res

126 1860 248 1904 objecta
269 1862 329 1893 rite
355 1873 390 1893 ea
414 1861 555 1905 praebere
576 1865 737 1903 nequeat,
765 1869 805 1890 ex
828 1859 896 1901 ipso
916 1856 1061 1900 subjecto
1083 1855 1252 1887 veritatem
1275 1857 1466 1896 agnoscente

126 1915 334 1946 hauriuntur.
361 1908 484 1955 Quodsi
508 1915 597 1957 prius
619 1914 797 1957 contingat,
818 1912 957 1943 dicimur
978 1908 1100 1952 aliquid
1117 1908 1221 1944 scire,
1249 1907 1402 1950 quoniam
1422 1905 1467 1936 rei

128 1967 259 2012 objectae
287 1969 352 2000 sive
377 1969 582 2013 perceptione
610 1969 675 2000 sive
700 1967 874 1999 intuitione
898 1970 1004 1995 nostra
1032 1962 1194 2006 persuasio
1223 1960 1264 1993 ad
1290 1961 1467 1992 maximum

127 2021 278 2053 evehitur
307 2021 476 2054 evidentiae
503 2021 658 2064 gradum3
694 2023 742 2052 sin
772 2031 847 2053 vero
874 2024 965 2050 extra
995 2028 1064 2049 rem
1093 2016 1251 2061 objectam
1277 2019 1467 2057 argumenta

127 2081 296 2120 petantur,
323 2076 397 2119 quia
420 2081 490 2107 tum
519 2087 584 2106 non
606 2076 709 2107 oritur
738 2074 916 2114 evidentia,
940 2071 995 2104 sed
1017 2071 1116 2115 ipsius
1137 2070 1272 2115 subjecti
1298 2068 1413 2100 fiducia
1436 2074 1467 2100 et

598 2172 615 2183 ’ν
