1747 2620
890 292 1002 337 (16)

290 376 426 407 maxima
451 377 616 406 versentur
641 368 801 407 barbarie,
827 367 943 398 mirum
964 377 1030 397 non
1052 370 1116 403 est,
1141 364 1224 407 quod
1244 375 1282 394 ex
1299 363 1352 395 illa
1371 363 1410 394 de
1429 364 1608 395 animorum

290 427 525 460 immortalitate
545 422 700 455 sententia
723 420 826 451 stultae
847 417 1008 449 interdum
1030 418 1172 448 oriantur
1196 418 1343 448 actiones.
1368 417 1418 447 Sic
1439 417 1525 447 enim
1546 415 1610 458 jam

291 480 466 522 antiquitus
488 477 571 508 Galli
591 486 665 506 cum
682 473 814 504 mortuis
837 470 1020 502 cremebant
1041 481 1077 501 ac
1098 469 1303 501 defodiebant
1322 475 1393 512 apta
1413 467 1610 507 viventibus,

291 534 366 565 olim
390 532 590 574 negotiorum
615 528 693 559 ratio
716 526 811 556 etiam
834 529 867 554 et
886 524 1008 554 exactio
1031 523 1143 568 crediti
1167 521 1394 553 deferebantur
1413 521 1451 551 ad
1475 521 1608 560 iuferos;

291 591 445 626 erantque
465 583 521 624 qui
542 591 574 611 se
594 581 627 610 in
650 589 738 620 rogos
758 587 905 615 suorum,
939 575 1029 606 velut
1050 575 1114 606 una
1139 575 1271 614 victuri,
1297 574 1432 605 libenter
1457 574 1612 604 immitte-

292 644 362 669 rent
377 636 434 677 (1).
461 635 508 664 De
522 632 633 664 iisdem
651 630 811 662 memoriae
830 628 992 671 proditum
1010 628 1209 666 invenimuS‚
1229 638 1281 658 eos
1298 627 1449 669 pecunias
1470 632 1611 665 mutuas,

292 701 363 732 quae
382 689 431 719 his
451 686 537 730 apud
556 685 674 716 inferos
697 682 923 719 redderentur,
950 679 1025 710 dare
1044 679 1166 717 solitos,
1192 679 1266 721 quia
1286 690 1470 721 persuasum
1489 678 1612 709 habue-

293 748 370 774 runt
395 741 515 772 animos
536 738 705 770 hominum
729 734 921 766 immortales
945 744 1011 763 esse
1029 732 1086 774 (2).
1125 732 1247 762 Pariter
1274 742 1311 762 ex
1337 731 1475 762 barbaris
1500 737 1613 762 nostrae

293 795 392 826 aetatis
420 791 568 835 gentibus
592 789 737 832 quaedam
768 786 939 818 traduntur
967 785 1032 816 una
1058 796 1131 816 cum
1158 785 1318 816 defunctis
1344 783 1477 826 sepelire
1501 795 1613 822 arcus,

293 848 435 890 sagittas,
462 846 604 885 variique
625 842 749 885 generis
769 851 871 879 arma,
896 850 937 870 ne
956 839 989 869 in
1012 839 1073 869 vita
1094 844 1164 880 post
1184 843 1318 868 mortem
1341 837 1452 868 futura
1477 837 1614 867 inermes

294 905 413 937 essent,
434 897 488 928 sed
505 896 560 927 ubi
578 906 657 936 opus
671 899 766 931 esset,
787 892 959 923 defendere
980 903 1012 922 se
1031 897 1155 933 possent
1174 890 1230 931 (3).
1256 890 1369 932 Neque
1386 895 1491 920 tamen
1510 889 1615 920 haecce

294 951 468 983 earundem
488 949 630 990 gentium
654 947 712 977 hac
733 946 772 976 de
794 957 826 976 re
847 946 1035 975 sententiam
1054 942 1182 974 dubiam
1202 942 1341 973 reddunt
1359 942 1410 973 vel
1426 947 1614 983 suspectam.

296 1003 420 1034 Etenim
443 1006 602 1032 crescente
625 999 746 1041 ingenii
766 1007 956 1039 morumque
977 996 1119 1034 cultura,
1140 995 1199 1036 ipsi
1219 1000 1331 1036 sponte
1351 994 1508 1025 tolluntur
1527 1005 1616 1024 erro-

295 1066 354 1086 res.
385 1055 426 1084 Et
445 1053 588 1095 quamvis
608 1052 682 1093 ipsae
707 1050 746 1081 de
770 1050 880 1080 futuro
900 1049 1079 1079 animorum
1102 1053 1186 1078 statu
1211 1047 1375 1089 opiniones
1394 1046 1616 1088 superstitione

297 1109 358 1139 sint
385 1106 581 1149 conjunctae,
614 1105 798 1135 inconcussa
822 1109 926 1134 tamen
952 1108 1013 1133 stat
1034 1100 1277 1133 immortalitatis
1300 1111 1370 1142 spes
1393 1099 1544 1142 fidesque.

892 1217 919 1260 g
962 1217 1025 1247 lv.

387 1324 662 1347 ARGUMENTATIO
699 1324 741 1345 Ex
778 1324 939 1344 COMMUNI
976 1322 1054 1342 lLLA
1092 1322 1231 1342 OMNIUM
1271 1320 1529 1341 CONSEN510NE.

343 1421 413 1452 Jam
436 1431 511 1453 vero
537 1419 697 1461 reliquum
722 1423 783 1457 est,
809 1423 846 1448 ut
870 1416 1048 1455 videamiiS‚
1075 1415 1159 1458 quod
1182 1415 1360 1446 communis
1384 1414 1437 1444 illa
1460 1414 1619 1456 persuasio

300 1474 339 1504 ad
355 1472 572 1504 stabiliendam
590 1472 768 1502 animorum
784 1469 1052 1501 immortalitatem
1068 1468 1226 1506 conferat,
1242 1468 1308 1498 sive
1324 1477 1421 1509 quem
1437 1467 1471 1497 in
1487 1467 1619 1498 modum

301 1538 341 1557 ex
365 1526 450 1556 hisce
475 1524 621 1555 omnibus
645 1523 861 1566 argumentari
891 1521 1011 1552 soleant
1038 1520 1227 1563 philosophi.
1265 1519 1410 1550 Ciceroni
1432 1519 1564 1560 quidem
1587 1520 1622 1550 id

302 1577 478 1619 plurimum
503 1576 607 1608 valere
634 1576 817 1608 videbatur:
848 1587 866 1605 ³)
883 1575 979 1605 Omni
1005 1574 1038 1604 in
1060 1584 1114 1612 re,
1139 1573 1262 1615 inquit,
1290 1573 1451 1603 consensio
1476 1573 1621 1604 omnium

304 1630 464 1672 gentium,
487 1628 538 1659 lex
558 1634 679 1659 naturae
700 1627 839 1669 putanda
858 1632 914 1657 est.
933 1645 975 1650 —
993 1625 1087 1664 Quod
1107 1626 1132 1656 si
1151 1626 1293 1657 omnium
1310 1636 1479 1656 consensus
1497 1631 1622 1657 naturae

303 1693 365 1713 vox
386 1687 449 1720 est,
469 1691 642 1722 omnesque
664 1681 720 1722 qui
739 1679 859 1722 ubique
882 1685 973 1718 sunt,
999 1679 1201 1709 consentiunt
1221 1689 1286 1709 esse
1307 1677 1443 1720 aliquid,
1473 1677 1559 1720 quod
1582 1677 1622 1708 ad

305 1745 357 1765 eos
378 1734 550 1776 pertineat,
576 1734 631 1774 qui
652 1734 715 1763 vita
735 1733 901 1763 cesserint:
929 1731 1018 1762 nobis
1038 1742 1166 1774 quoque
1190 1731 1274 1761 idem
1296 1730 1542 1761 existimandum
1564 1735 1620 1761 est.

304 1788 346 1817 Et
363 1788 388 1817 si
408 1796 545 1828 quorum
566 1791 621 1816 aut
643 1786 786 1827 ingenio,
812 1791 867 1816 aut
887 1786 1006 1817 virtute
1029 1785 1154 1816 animus
1173 1783 1317 1823 excellit,
1338 1794 1390 1814 eos
1410 1782 1621 1822 arbitramur,

306 1840 380 1881 quia
398 1844 511 1869 natura
531 1838 648 1880 optima
672 1844 762 1876 sunt,
792 1849 921 1868 cernere
944 1844 1067 1868 naturae
1089 1838 1155 1869 vim
1177 1837 1329 1868 maxime:
1355 1835 1525 1867 verisimile
1556 1841 1620 1875 est,

306 1903 381 1922 cum
403 1891 540 1933 optimus
565 1891 700 1932 quisque
724 1891 861 1921 maxime
881 1891 1054 1932 posteritati
1074 1890 1209 1928 serviat,
1240 1899 1305 1920 esse
1326 1887 1463 1931 aliquid,
1484 1886 1576 1930 cujus
1599 1890 1624 1918 is

338 2003 381 2031 (1)
399 2004 435 2024 na
452 2002 480 2024 de
497 2002 546 2024 illis
561 2002 643 2024 scribit
660 2001 745 2031 Pomp.
764 2001 827 2024 Mela
846 2001 874 2023 de
890 2001 936 2024 situ
955 2001 1034 2029 orbis,
1054 2001 1097 2023 lib.
1113 2002 1158 2024 111.
1175 2009 1195 2023 c.
1214 2001 1251 2028 11,
1270 2001 1308 2022 30.

339 2043 381 2072 (2)
397 2042 455 2065 Vid.
473 2041 583 2064 Valerius
598 2041 678 2069 Max„
696 2042 740 2064 lib.
757 2043 792 2063 ΙΙ.
811 2048 866 2070 cap.
881 2042 907 2063 G.
923 2042 981 2064 Ext.
1004 2049 1031 2064 10
1045 2042 1086 2064 ubi
1099 2048 1142 2071 pro
1153 2047 1212 2070 quos
1230 2039 1358 2070 legendum
1373 2046 1420 2063 esse
1436 2046 1482 2069 quo
1497 2043 1621 2070 putamus.

340 2082 382 2112 (3)
400 2081 460 2105 Vid.
479 2081 565 2112 Krast,
585 2081 658 2104 sitten
677 2080 718 2104 der
735 2081 844 2111 wilden,
872 2089 899 2112 p.
919 2081 974 2104 811.
