1747 2620
932 255 1022 300 (4)

751 400 1051 432 THEOREMA
1111 402 1183 433 Ium-

346 515 378 545 Si
399 514 515 557 trigoni
536 512 703 558 cujusdam
723 514 782 545 tria
804 514 918 554 latera,
939 514 989 546 vel
1010 515 1152 558 ipsorum
1171 517 1414 560 productiones,
1436 519 1638 552 transversali

302 574 466 607 secantur‚
492 568 536 598 ita
560 573 657 598 eruut
677 578 730 598 sex
752 575 933 611 segmenta,
960 575 997 600 ut
1018 569 1211 612 productum
1233 583 1271 604 ex
1293 572 1394 605 tribus
1415 585 1487 617 quae
1508 574 1638 606 nullum

301 633 505 654 communem
520 622 640 653 habent
650 623 902 662 extremitatem,
918 623 957 653 sit
969 623 1091 665 aequale
1106 624 1303 668 reliquorum
1321 627 1476 670 producto
1488 627 1559 671 (fig.
1574 628 1636 671 2.).

344 686 493 729 Exempli
518 685 632 729 grati&⁷
659 686 722 717 sint
748 686 830 717 ABG
851 687 1012 730 trigonum
1039 688 1267 733 quodcumque
1293 696 1326 722 et
1355 691 1394 721 bc
1420 691 1636 724 transversalis

299 741 416 784 trigoni
433 741 530 772 latera
552 741 586 772 in
610 742 739 784 punctis
763 754 802 779 a,
833 743 852 772 b
876 748 909 773 et
932 754 950 773 c
974 749 1097 774 secant:
1125 743 1264 786 prodibit
1284 743 1354 776 haec
1375 744 1486 776 relatio

607 804 1257 847 Aa><Bb><Cc=Ac><Ba><Cb3

297 869 473 899 Demonst.
504 869 554 899 Ex
577 879 642 900 uno
664 868 783 900 vertice
808 867 834 898 B
862 869 1000 901 ducatur
1019 870 1168 912 parallela
1196 870 1235 902 ad
1263 871 1346 903 latus
1368 872 1548 915 oppositum
1572 873 1633 912 Ac,

296 934 368 966 quae
392 922 543 966 parallela
569 923 602 954 in
628 929 749 966 puncto
773 923 803 954 K
828 924 1071 956 transversalem
1096 930 1199 955 secat:

295 1020 334 1040 ex
360 1008 529 1052 triangul-IS
559 1008 715 1041 similibus
760 986 825 1071 {bc
841 993 872 1018 et
887 987 967 1019 BbK
1005 989 1065 1019 erit
1080 988 1146 1019 Bb:
1165 989 1211 1019 Cb
1225 1002 1263 1017 =
1279 989 1350 1019 BK:
1368 989 1411 1020 Cc
1417 1013 1562 1020 .....
1588 990 1635 1033 (1)

791 1041 974 1073 aCethzK
1011 1043 1146 1073 ....Αα;
1164 1043 1264 1074 Ba:
1282 1044 1345 1074 Ac:
1363 1043 1432 1074 ΒΚ.
1451 1067 1458 1074 .
1486 1068 1492 1074 .
1521 1069 1527 1074 .
1555 1069 1561 1075 .
1587 1044 1634 1086 (2)

295 1103 442 1136 ducendo
467 1104 551 1136 inter
571 1106 819 1147 se'aequationes
840 1106 887 1149 (ι)
909 1112 941 1137 et
959 1107 1021 1149 (2),
1044 1106 1183 1149 prodibit

565 1158 1172 1194 Aa><Bh><Cc=Ac><Ba><Ch
1177 1184 1322 1191 .....
1357 1161 1412 1203 (A)

335 1220 441 1251 Facile
463 1221 571 1253 videre
590 1228 637 1252 est
659 1233 699 1253 ex
717 1223 769 1265 fig.
788 1224 824 1261 2,
849 1222 935 1254 idem
956 1234 1039 1263 esse,
1063 1224 1087 1254 si
1111 1224 1326 1257 transversalis
1341 1225 1438 1256 latera
1462 1225 1631 1268 trianguli,

292 1274 344 1307 vel
365 1275 507 1317 ipsorum
530 1275 756 1318 productiones
781 1282 877 1308 secet.

335 1339 425 1371 Istud
448 1340 611 1372 theorema
632 1347 697 1382 est,
725 1347 763 1373 ut
786 1342 830 1373 ita
852 1342 973 1382 dicam,
1000 1341 1122 1373 theoria
1149 1342 1409 1374 transversalium
1435 1342 1632 1385 principium

291 1393 407 1433 vitale,
433 1394 592 1437 siquidem
619 1395 659 1426 ad
682 1395 840 1439 polygona
867 1396 962 1439 plana
989 1396 1040 1429 vel
1066 1408 1131 1428 non
1153 1397 1264 1440 plana,
1293 1397 1390 1428 etiam
1413 1395 1452 1427 ad
1476 1395 1630 1438 sphaerica

291 1448 490 1480 extenditur.

339 1512 570 1544 Corollarizem.
605 1513 678 1544 Tria
702 1513 800 1545 latera
826 1515 979 1557 trianguli
1004 1520 1037 1545 et
1065 1513 1279 1546 transversalis
1307 1511 1417 1543 haberi
1439 1517 1573 1554 possunt
1593 1518 1630 1543 ut

290 1565 543 1608 quadrilaterum
564 1568 598 1598 in
622 1579 686 1610 quo
707 1569 840 1611 quodvis
862 1569 961 1608 latus,
986 1569 1019 1599 in
1044 1567 1203 1610 triangulo
1225 1566 1327 1597 tribus
1346 1565 1453 1596 alteris
1475 1565 1627 1605 formato,

289 1620 505 1650 transversalis
531 1621 638 1652 locum
665 1628 771 1653 tenet:
797 1633 836 1653 ex
862 1623 937 1654 inde
963 1623 1171 1654 deducuntur
1198 1627 1336 1664 quatuor
1368 1619 1517 1651 formulae
1543 1621 1628 1651 inter

289 1684 367 1715 quas
388 1673 443 1715 (A)
463 1675 639 1716 reperitur,
661 1675 714 1707 sed
734 1687 805 1719 quae
822 1676 861 1707 ad
885 1682 947 1708 tres
968 1683 1094 1708 tantum
1114 1675 1307 1707 reducendae
1325 1680 1441 1714 erunt,
1468 1673 1627 1717 siquidem

288 1733 400 1769 quarta
421 1727 461 1757 sit
480 1728 674 1770 productum
699 1740 740 1760 ex
762 1730 863 1762 tribus
889 1731 1011 1771 alteris,
1037 1731 1123 1774 quod
1144 1742 1201 1773 per
1222 1740 1254 1760 se
1276 1735 1375 1772 patet.

332 1791 493 1831 Vicissim,
510 1793 535 1823 si
550 1792 655 1824 Iocum
672 1793 787 1825 habeat
803 1795 914 1827 relatio
930 1797 978 1827 Aa
996 1804 1024 1831 ><
1040 1796 1088 1826 Bb
1106 1806 1134 1833 ><
1150 1794 1193 1825 CC
1204 1807 1242 1821 =
1256 1794 1302 1823 AC
1318 1800 1347 1828 ><
1361 1791 1412 1822 Ba
1428 1802 1458 1830 ><
1472 1790 1534 1829 Cha
1547 1796 1626 1822 tunc

287 1845 346 1875 tria
366 1851 485 1887 puncta
507 1857 545 1882 a,
570 1847 606 1883 h,
632 1858 649 1876 c
674 1854 771 1878 erunt
791 1849 824 1879 in
846 1849 1004 1880 directum
1026 1850 1143 1892 posita:
1165 1859 1239 1878 nam
1265 1856 1484 1889 supponamus
1505 1850 1626 1876 rectam

286 1908 325 1929 ex
347 1904 468 1941 puncto
489 1911 511 1930 α
532 1899 572 1930 ad
593 1900 612 1930 b
632 1899 777 1941 ductam,
803 1914 860 1945 per
881 1903 909 1934 ε’
932 1904 1080 1943 transire,
1100 1914 1138 1934 ex
1158 1899 1413 1945 praecedentibus
1431 1899 1492 1931 erit

596 1965 646 1995 Aa
664 1971 693 1998 ><
712 1965 760 1997 Bb
781 1974 810 2001 ><
831 1966 884 1997 Cc‘
901 1980 939 1994 =
956 1966 1013 1997 Ac‘
1030 1977 1058 2004 ><
1075 1967 1124 1997 Ba
1143 1976 1172 2003 ><
1193 1965 1252 1996 Cb.

328 2049 424 2082 Unde
448 2049 652 2082 concluditur
680 2029 741 2076 A—c'-
765 2067 803 2072 —
830 2031 875 2060 Aa
890 2038 918 2064 ><
933 2031 970 2059 Bb

680 2080 732 2109 Cc'
766 2076 803 2082 -
829 2082 869 2111 Ba
886 2088 914 2115 ><
929 2082 970 2110 Cb
985 2065 990 2083 :
1009 2064 1122 2086 verum
1134 2063 1173 2084 ex
1185 2051 1339 2084 relatione
1351 2049 1437 2090 data,
1450 2047 1624 2081 deducitur
