1747 2620
713 260 825 305 (43)

875 384 1438 398 Ἥ

359 476 665 523 &umnam
745 478 1181 536 amantiora.

686 635 853 642 ———

143 726 329 770 Pathologia
352 726 533 770 chirurgica
557 726 700 758 vulneris
721 727 852 758 nomine
875 727 1020 772 designat
1041 729 1109 761 illas
1134 723 1358 764 tantummodo
1383 734 1442 766 lae-

98 781 202 813 §iones
222 781 461 820 continuitatis,
487 791 559 823 quae
580 780 723 822 partibus
744 781 893 814 mollibus
914 784 1128 816 instrumento
1151 786 1290 829 quodam
1313 794 1441 820 secante

98 836 227 868 inflictae
249 836 358 875 fuere3
386 834 551 866 Medecina
572 845 647 865 vero
668 834 813 866 Forensis
832 835 928 880 longe
951 837 1102 882 majorem
1124 840 1337 883 significatum
1362 842 1441 874 huic

98 889 254 922 vocabulo
285 888 448 929 concedit,
483 889 604 931 quippe
640 889 715 931 quia
742 889 803 920 sub
830 891 962 922 nomine
990 891 1134 924 vulneris
1166 895 1315 936 generico
1350 907 1441 928 corn-

97 944 281 988 prehendit.
304 956 322 975 ((
341 944 592 986 Quamcumque
612 942 772 974 laesionem
783 968 791 984 ‚
809 945 839 976 vi
854 945 986 977 externa
1003 948 1126 989 corpori
1141 947 1285 979 humano
1300 948 1439 991 illatam,

98 1010 117 1029 ))
141 998 229 1030 unde
254 997 366 1037 simul,
398 997 449 1029 vel
474 998 659 1040 separatim,
681 999 875 1035 commotio,
899 1001 1072 1037 contusio,
1089 1008 1284 1042 punctura,
1303 1004 1437 1047 plaga,

98 1064 117 1083 »
142 1052 327 1088 laceratio,
355 1051 545 1088 ambustio,
566 1050 747 1094 fractura,
780 1052 961 1090 distorsio,
998 1054 1130 1085 laxatio
1138 1078 1151 1092 ,
1182 1061 1244 1087 etc.
1275 1057 1441 1099 productae

98 1116 116 1136 ))
141 1103 295 1135 fuerunt”
307 1104 365 1146 (1).
382 1103 526 1135 Vulnera
542 1105 650 1147 prouti
666 1104 776 1148 plures
791 1106 962 1139 unicamve
983 1113 1105 1149 partem
1122 1108 1282 1150 afficiunt3
1303 1111 1441 1154 compli-

96 1164 165 1190 cata
190 1157 243 1190 vel
264 1157 420 1200 simplicia
443 1164 694 1201 nuncupantur:
721 1160 830 1202 prouti
849 1160 945 1191 imius
969 1161 1003 1191 in
1031 1163 1242 1195 oeconomiam
1268 1165 1440 1198 animalem

94 1217 267 1256 penetrant
281 1211 332 1244 vel
355 1211 424 1255 ejus
443 1212 665 1244 tantummodo
689 1212 912 1256 integumenta
927 1214 1068 1255 laedunt3
1091 1218 1292 1258 penetrantia
1308 1219 1358 1251 vel
1373 1232 1440 1253 non

94 1266 295 1310 penetrantia
320 1272 496 1299 vocantur:
522 1267 631 1309 prouti
654 1273 760 1309 partes
786 1267 957 1298 nobiliores
985 1269 1125 1310 graviter
1149 1270 1290 1312 adeunt,
1321 1273 1374 1305 vel
1399 1274 1440 1306 ad

94 1326 199 1363 partes
218 1331 282 1351 non
301 1320 343 1351 ita
367 1318 713 1363 nobiles'relegantur3
726 1321 842 1363 ‘gravia
864 1320 915 1353 vel
931 1320 1015 1353 levia
1036 1321 1120 1353 dicta
1137 1330 1229 1355 sunt:
1253 1331 1286 1356 et
1306 1326 1438 1359 tandem

94 1375 253 1417 denique,
290 1385 391 1416 quum
426 1373 609 1405 functiones
638 1374 703 1406 vita
736 1375 927 1405 necessarias
958 1375 1001 1405 ita
1033 1376 1283 1419 aggrediantur,
1318 1386 1357 1411 ut
1385 1381 1438 1413 hae

93 1430 389 1470 interrumpantur‚
419 1427 566 1467 lethalia3
591 1438 693 1471 quum
715 1438 734 1459 e
755 1433 865 1460 contra
886 1428 1012 1460 nullam
1034 1430 1144 1461 mortis
1164 1431 1349 1474 periculum
1371 1446 1439 1478 prae

95 1492 127 1513 se
147 1481 275 1521 ferunt,
300 1480 455 1512 illethalia
475 1480 667 1512 salutantur.

139 1534 283 1565 Medicus
306 1534 440 1565 forensis
458 1535 492 1565 in
513 1533 655 1566 tribunal
675 1534 848 1568 advocatus
868 1534 991 1580 judices
1012 1536 1185 1570 admonere
1208 1538 1320 1581 debet,
1343 1553 1384 1573 an
1406 1549 1439 1575 et

96 1588 130 1618 iu
157 1593 315 1630 quantum
346 1587 490 1619 vulneris
517 1594 629 1620 auctor
664 1589 775 1620 mortis
802 1601 896 1621 causa
920 1590 1048 1622 fuerit?
1082 1592 1199 1625 Medici
1222 1593 1344 1638 judicio
1372 1602 1437 1629 tota

95 1640 246 1672 innititur
268 1639 410 1684 justitia:
436 1640 520 1672 solus
541 1642 609 1685 ipse
629 1642 778 1675 manibus
798 1650 888 1676 tenet
906 1645 1021 1677 libram
1043 1657 1083 1678 ex
1108 1647 1172 1690 qua
1197 1649 1364 1692 apparebit
1385 1651 1437 1684 vel

96 1695 279 1726 innocentia
307 1693 358 1726 vel
384 1695 506 1726 crimen
530 1696 596 1726 rei:
622 1697 690 1740 ipse
715 1698 1021 1740 perscrutationibus
1044 1701 1109 1732 suis
1134 1701 1266 1735 edoctus
1288 1715 1437 1747 pronun-

97 1747 159 1779 ciat
181 1759 260 1780 num
283 1747 484 1788 liberandus,
513 1760 592 1780 num
614 1761 691 1783 vero
711 1750 807 1793 poena
828 1751 1018 1795 plectendus
1039 1754 1079 1785 sit
1099 1755 1133 1786 in
1151 1754 1203 1800 jus
1224 1763 1371 1789 vocatus:
1396 1758 1436 1790 de

100 1799 231 1841 divitiis,
256 1801 295 1832 de
323 1801 424 1842 fama,
451 1801 490 1833 de
511 1801 674 1844 libertate,
700 1804 765 1837 imo
789 1804 829 1837 de
854 1806 919 1840 vita
944 1807 1116 1841 hominum
1139 1808 1265 1841 decidat
1290 1817 1434 1854 oportet3

100 1858 187 1884 tanta
197 1854 282 1885 enim
298 1861 345 1886 est
360 1855 527 1888 medicinae
542 1856 675 1888 forensis
690 1858 827 1901 gravitas
844 1865 877 1891 et
893 1862 1107 1893 momentum!
1128 1861 1210 1901 Quae
1224 1874 1298 1896 cum
1314 1865 1357 1896 ita
1373 1866 1436 1898 sint

98 1912 210 1949 sponte
227 1914 356 1950 apparet
368 1909 486 1952 quanta
502 1911 686 1955 integritate
701 1912 736 1944 in
753 1912 1027 1956 disquisitionibus
1038 1915 1102 1946 suis
1117 1916 1290 1958 procedere
1302 1918 1433 1960 debeat,

98 1965 218 2002 quanta
243 1961 360 1993 virtute
381 1963 534 2005 praeditus
558 1966 598 1996 sit
622 1973 784 2010 oporteat3
813 1975 948 2011 apparet
975 1976 1007 2000 et
1029 1970 1127 2002 etiam
1149 1977 1187 2002 ut
1208 1971 1320 2005 deceat
1339 1974 1433 2006 illum

97 2012 236 2046 liberum
257 2025 323 2046 esse
342 2014 381 2046 ab
398 2017 485 2048 o'mni
501 2019 640 2052 amicitia
661 2027 694 2053 et
713 2021 801 2062 odio,
824 2022 871 2053 ira
893 2028 925 2054 et
943 2023 1169 2057 misericordia.

93 2086 1429 2110 Μ

159 2126 204 2156 (1)
220 2125 323 2157 Foderd,
341 2128 408 2151 me'd.
428 2129 495 2161 lag„
516 2138 573 2163 pag.
595 2134 652 2164 245,
675 2139 736 2158 tom.
758 2136 808 2159 111.
