1747 2620
906 267 1021 312 (22)

339 347 429 380 XIV.
463 347 569 390 Atque
591 346 658 378 haec
679 344 718 376 de
738 343 861 376 diverso
880 342 1058 374 incolarum
1078 347 1110 373 et
1132 341 1252 374 civium
1274 348 1359 374 statu
1379 353 1419 374 ex
1439 342 1527 375 Juris
1548 343 1627 376 Gal-

296 404 348 435 lici
367 402 532 446 principiis
547 401 629 432 dicta
650 405 754 431 sunto.
780 397 896 429 Codice
918 403 1026 428 autem
1042 395 1189 439 Belgico,
1208 408 1281 427 mox
1298 398 1362 428 vim
1378 397 1456 440 legis
1478 397 1627 430 habituro

294 457 405 489 incolae
431 456 537 499 Belgis
572 453 759 497 aequiparati
790 457 886 491 sunt,
916 450 940 481 si
973 461 1071 481 unam
1097 460 1137 480 ex
1163 449 1213 480 liis
1237 449 1362 482 duobus
1390 451 1626 484 conditionibus

294 511 518 555 impleverint,
552 515 589 540 ut
617 507 668 540 vel
698 505 939 549 impetraverint
966 515 982 534 a
1011 514 1086 545 rege
1114 505 1240 536 veniam
1271 504 1424 536 domicilii
1452 506 1486 536 in
1514 506 1626 550 Belgio

293 563 522 602 constituendi,
553 561 604 594 vel
626 559 823 603 magistratui
850 556 1038 598 municipali
1061 556 1130 600 ejus
1155 557 1323 598 domicilii,
1349 558 1435 601 quod
1461 560 1494 590 in
1526 571 1625 603 regno

292 626 397 651 nostro
417 629 475 661 per
489 628 542 648 sex
562 627 660 648 annos
681 615 847 646 continuos
868 611 1112 650 conservarunt,
1132 612 1275 643 animum
1300 612 1533 645 declaraverint
1549 625 1625 657 per-

292 680 423 716 petuam
448 673 482 703 in
502 670 614 714 Belgio
636 670 840 701 fortunarum
867 677 998 699 suarum
1029 665 1136 697 sedem
1160 666 1331 698 retinendi.
1354 667 1423 699 Art.
1450 667 1481 699 5.
1518 669 1567 699 tit.
1591 670 1623 700 2.

291 727 345 759 lib.
366 728 390 758 I.
413 726 448 757 C.
464 725 555 768 Belg.

335 782 462 823 Itaque,
487 780 591 811 statim
613 790 649 809 ac
668 777 754 820 leges
775 776 878 807 futuri
899 773 1022 805 Codicis
1040 773 1162 816 Belgici
1188 774 1361 818 vigebunt,
1384 775 1547 808 sublatum
1563 777 1624 808 erit

291 847 308 867 e
329 835 408 878 juris
423 834 544 877 Belgici
564 833 704 864 doctrina
721 842 815 862 omne
835 830 1005 861 discrimen
1021 829 1105 860 cives
1122 828 1205 859 inter
1222 834 1254 859 et
1272 829 1406 869 incolas,
1426 835 1523 873 atque
1538 830 1623 862 inter

290 890 346 920 lios
365 895 397 920 et
417 888 600 931 peregrinos
617 885 723 915 stricte
740 885 784 914 sic
800 884 912 920 dictos,
933 884 975 912 ita
994 888 1030 913 ut
1051 892 1268 924 quaecumque
1288 881 1438 926 deinceps
1455 884 1494 915 de
1511 884 1623 916 incolis

289 943 405 974 dicturi
427 951 551 979 sumus,
578 937 707 969 nullum
731 936 868 977 amplius
888 935 993 964 locum
1015 934 1132 965 exinde
1157 934 1338 976 obtineant,
1367 948 1404 968 ea
1427 948 1522 977 ver0,
1549 950 1622 981 quae

289 997 328 1028 de
352 994 528 1039 peregrinis
553 992 718 1029 dicentur,
747 988 786 1020 ab
808 988 862 1019 illo
882 986 958 1017 inde
977 992 1121 1029 tempore
1139 986 1178 1017 de
1203 988 1352 1020 omnibus
1372 992 1532 1022 extraneis
1545 1015 1553 1031 ,
1575 992 1623 1022 ci-

289 1051 394 1083 vitatis
418 1047 468 1093 jus
485 1058 550 1079 non
573 1045 710 1088 adeptis,
734 1044 797 1074 sint
817 1040 1036 1083 intelligenda.

331 1136 406 1168 XV.
441 1131 711 1176 Quandoquidem
737 1134 884 1161 accurate
910 1127 974 1173 jam
1000 1126 1170 1160 definitum
1199 1133 1262 1168 est,
1296 1130 1429 1171 quinam
1455 1135 1487 1160 et
1511 1130 1622 1173 quales

287 1197 511 1223 extraneorum
533 1186 790 1219 denominatione
811 1182 989 1214 secundum
1015 1180 1065 1226 jus
1089 1181 1257 1225 Belgicum
1283 1183 1620 1226 comprehendantur,

286 1250 398 1283 restat,
420 1249 458 1275 ut
472 1242 594 1287 jurium
614 1241 659 1272 eis
678 1240 711 1271 in
734 1238 862 1270 civitate
883 1236 987 1268 nostr-21
1003 1237 1256 1279 competentium
1281 1237 1452 1269 delineatio
1475 1249 1619 1280 expona-

285 1306 348 1331 tur.
377 1297 473 1337 Quod
493 1302 531 1328 ut
552 1293 718 1327 commode
738 1293 910 1332 faciamus,
934 1290 1068 1334 singulae
1087 1289 1208 1334 jurium
1224 1291 1257 1322 in
1275 1290 1386 1334 Belgio
1403 1291 1619 1324 obtinentium

284 1353 403 1396 species
427 1351 577 1384 videntur
598 1359 665 1381 esse
685 1346 897 1380 recensendae.

326 1406 405 1438 Jura
428 1410 556 1444 autem,
595 1413 667 1446 quae
692 1402 727 1432 in
752 1399 863 1443 Belgio
887 1399 1064 1437 exsistunt,
1095 1409 1234 1441 quaeque
1260 1399 1436 1437 extraneis,
1464 1405 1618 1441 tanquam

283 1460 418 1493 civitatis
440 1464 554 1490 nostrae
572 1456 707 1499 imperio
726 1455 928 1498 aliquatenus
950 1452 1117 1497 subjectis,
1143 1458 1275 1495 possunt
1293 1458 1491 1495 competere,
1513 1453 1551 1483 iis
1568 1452 1618 1484 vel

284 1520 431 1557 respectu
456 1512 496 1544 ad
517 1512 679 1545 civitatem
704 1511 820 1553 ipsam,
844 1509 897 1542 vel
915 1513 1063 1552 respectu
1089 1506 1128 1539 ad
1150 1507 1234 1540 cives
1254 1507 1382 1550 propria
1402 1513 1492 1547 sunt,
1520 1506 1618 1538 adeo-

284 1579 348 1612 que
377 1566 576 1598 descendunt
607 1576 646 1597 ex
681 1564 834 1596 institutis
869 1562 947 1608 juris
980 1562 1102 1605 Belgici
1137 1561 1188 1594 vel
1222 1561 1364 1604 publici,
1401 1560 1453 1592 vel
1487 1561 1614 1604 privati.

282 1622 459 1664 Utriusque
487 1621 586 1663 igitur
607 1619 762 1651 rationem
787 1624 964 1657 servantes,
998 1617 1139 1660 primum
1173 1615 1212 1647 de
1239 1615 1363 1660 juribus
1389 1621 1614 1647 extraneorum

284 1678 317 1707 in
345 1675 455 1717 Belgio
480 1673 632 1718 publiciS,
659 1672 733 1704 dein
759 1672 798 1713 de
819 1672 949 1715 privatis
978 1671 1177 1703 disseremus.
