<?xml version="1.0" encoding="UTF-8"?>
<!DOCTYPE html PUBLIC "-//W3C//DTD XHTML 1.0 Transitional//EN"
    "http://www.w3.org/TR/xhtml1/DTD/xhtml1-transitional.dtd">
<html xmlns="http://www.w3.org/1999/xhtml" xml:lang="en" lang="en">
 <head>
  <title>
</title>
<meta http-equiv="Content-Type" content="text/html;charset=utf-8" />
  <meta name='ocr-system' content='tesseract 3.04.00' />
  <meta name='ocr-capabilities' content='ocr_page ocr_carea ocr_par ocr_line ocrx_word'/>
</head>
<body>
  <div class='ocr_page' id='page_1' title='image "annalesacademiae00acad_0039.png"; bbox 0 0 1747 2620; ppageno 0'>
   <div class='ocr_carea' id='block_1_1' title="bbox 736 228 826 270">
    <p class='ocr_par' dir='ltr' id='par_1_1' title="bbox 736 228 826 270">
     <span class='ocr_line' id='line_1_1' title="bbox 736 228 826 270; baseline -0.011 0"><span class='ocrx_word' id='word_1_1' title='bbox 736 228 826 270; x_wconf 90' lang='lat'>(7)</span> 
     </span>
    </p>
   </div>
   <div class='ocr_carea' id='block_1_2' title="bbox 115 297 1447 1718">
    <p class='ocr_par' dir='ltr' id='par_1_2' title="bbox 115 297 1447 1681">
     <span class='ocr_line' id='line_1_2' title="bbox 116 297 1436 352; baseline -0.016 -5"><span class='ocrx_word' id='word_1_2' title='bbox 116 316 179 347; x_wconf 90' lang='lat' dir='ltr'>fuit</span> <span class='ocrx_word' id='word_1_3' title='bbox 196 314 281 345; x_wconf 89' lang='lat' dir='ltr'>illius</span> <span class='ocrx_word' id='word_1_4' title='bbox 300 312 358 344; x_wconf 73' lang='lat' dir='ltr'>aevi</span> <span class='ocrx_word' id='word_1_5' title='bbox 374 310 496 352; x_wconf 89' lang='lat' dir='ltr'>opinio,</span> <span class='ocrx_word' id='word_1_6' title='bbox 519 318 615 350; x_wconf 86' lang='lat' dir='ltr'>quam</span> <span class='ocrx_word' id='word_1_7' title='bbox 633 316 726 336; x_wconf 87' lang='lat' dir='ltr'>sacrae</span> <span class='ocrx_word' id='word_1_8' title='bbox 743 304 907 346; x_wconf 77' lang='lat' dir='ltr'>scripturae</span> <span class='ocrx_word' id='word_1_9' title='bbox 927 301 1115 333; x_wconf 85' lang='lat' dir='ltr'>auctoritate</span> <span class='ocrx_word' id='word_1_10' title='bbox 1130 297 1357 330; x_wconf 77' lang='lat' dir='ltr'>confirmabant</span> <span class='ocrx_word' id='word_1_11' title='bbox 1373 297 1436 339; x_wconf 84' lang='lat'>(1),</span> 
     </span>
     <span class='ocr_line' id='line_1_3' title="bbox 115 350 1439 410; baseline -0.015 -11"><span class='ocrx_word' id='word_1_12' title='bbox 115 368 288 410; x_wconf 84' lang='lat' dir='ltr'>imperium</span> <span class='ocrx_word' id='word_1_13' title='bbox 308 364 399 396; x_wconf 89' lang='lat' dir='ltr'>civile</span> <span class='ocrx_word' id='word_1_14' title='bbox 428 371 619 403; x_wconf 86' lang='lat' dir='ltr'>omnemque</span> <span class='ocrx_word' id='word_1_15' title='bbox 641 363 828 401; x_wconf 87' lang='lat' dir='ltr'>potestatem</span> <span class='ocrx_word' id='word_1_16' title='bbox 851 367 867 386; x_wconf 87' lang='lat' dir='ltr'>a</span> <span class='ocrx_word' id='word_1_17' title='bbox 887 356 954 387; x_wconf 92' lang='lat' dir='ltr'>Deo</span> <span class='ocrx_word' id='word_1_18' title='bbox 975 360 1080 385; x_wconf 88' lang='lat' dir='ltr'>ortum</span> <span class='ocrx_word' id='word_1_19' title='bbox 1104 352 1231 382; x_wconf 88' lang='lat' dir='ltr'>habere.</span> <span class='ocrx_word' id='word_1_20' title='bbox 1259 350 1339 388; x_wconf 83' lang='lat' dir='ltr'>Quae</span> <span class='ocrx_word' id='word_1_21' title='bbox 1365 351 1439 392; x_wconf 88' lang='lat' dir='ltr'>qui-</span> 
     </span>
     <span class='ocr_line' id='line_1_4' title="bbox 117 402 1439 457; baseline -0.015 -5"><span class='ocrx_word' id='word_1_22' title='bbox 117 421 188 452; x_wconf 90' lang='lat' dir='ltr'>dem</span> <span class='ocrx_word' id='word_1_23' title='bbox 210 418 381 457; x_wconf 84' lang='lat' dir='ltr'>sententia,</span> <span class='ocrx_word' id='word_1_24' title='bbox 402 415 495 447; x_wconf 90' lang='lat' dir='ltr'>modo</span> <span class='ocrx_word' id='word_1_25' title='bbox 512 419 598 445; x_wconf 83' lang='lat' dir='ltr'>recte</span> <span class='ocrx_word' id='word_1_26' title='bbox 616 411 828 454; x_wconf 74' lang='lat' dir='ltr'>intelligatur,</span> <span class='ocrx_word' id='word_1_27' title='bbox 850 409 1010 440; x_wconf 87' lang='lat' dir='ltr'>verissima</span> <span class='ocrx_word' id='word_1_28' title='bbox 1026 412 1082 437; x_wconf 84' lang='lat' dir='ltr'>est.</span> <span class='ocrx_word' id='word_1_29' title='bbox 1104 405 1216 447; x_wconf 87' lang='lat' dir='ltr'>Neque</span> <span class='ocrx_word' id='word_1_30' title='bbox 1232 410 1338 435; x_wconf 89' lang='lat' dir='ltr'>tamen</span> <span class='ocrx_word' id='word_1_31' title='bbox 1354 402 1439 433; x_wconf 75' lang='lat' dir='ltr'>illius</span> 
     </span>
     <span class='ocr_line' id='line_1_5' title="bbox 116 460 1440 506; baseline -0.014 -1"><span class='ocrx_word' id='word_1_32' title='bbox 116 474 176 505; x_wconf 85' lang='lat' dir='ltr'>aevi</span> <span class='ocrx_word' id='word_1_33' title='bbox 196 473 339 504; x_wconf 86' lang='lat' dir='ltr'>homines</span> <span class='ocrx_word' id='word_1_34' title='bbox 363 470 402 501; x_wconf 91' lang='lat' dir='ltr'>de</span> <span class='ocrx_word' id='word_1_35' title='bbox 426 480 463 500; x_wconf 93' lang='lat' dir='ltr'>eo</span> <span class='ocrx_word' id='word_1_36' title='bbox 485 467 608 499; x_wconf 85' lang='lat' dir='ltr'>solliciti</span> <span class='ocrx_word' id='word_1_37' title='bbox 632 467 785 504; x_wconf 88' lang='lat' dir='ltr'>fuerunt,</span> <span class='ocrx_word' id='word_1_38' title='bbox 814 471 851 496; x_wconf 88' lang='lat' dir='ltr'>ut</span> <span class='ocrx_word' id='word_1_39' title='bbox 870 464 935 495; x_wconf 87' lang='lat' dir='ltr'>vim</span> <span class='ocrx_word' id='word_1_40' title='bbox 960 462 1058 506; x_wconf 85' lang='lat' dir='ltr'>hujus</span> <span class='ocrx_word' id='word_1_41' title='bbox 1080 460 1232 504; x_wconf 83' lang='lat' dir='ltr'>praecepti</span> <span class='ocrx_word' id='word_1_42' title='bbox 1254 465 1285 490; x_wconf 92' lang='lat' dir='ltr'>et</span> <span class='ocrx_word' id='word_1_43' title='bbox 1310 464 1440 489; x_wconf 91' lang='lat' dir='ltr'>senten—</span> 
     </span>
     <span class='ocr_line' id='line_1_6' title="bbox 116 511 1440 568; baseline -0.013 -10"><span class='ocrx_word' id='word_1_44' title='bbox 116 528 210 566; x_wconf 84' lang='lat' dir='ltr'>tiam,</span> <span class='ocrx_word' id='word_1_45' title='bbox 235 536 330 568; x_wconf 88' lang='lat' dir='ltr'>quam</span> <span class='ocrx_word' id='word_1_46' title='bbox 354 525 529 565; x_wconf 82' lang='lat' dir='ltr'>interprete</span> <span class='ocrx_word' id='word_1_47' title='bbox 549 521 671 552; x_wconf 88' lang='lat' dir='ltr'>ratione</span> <span class='ocrx_word' id='word_1_48' title='bbox 691 518 802 558; x_wconf 89' lang='lat' dir='ltr'>habet,</span> <span class='ocrx_word' id='word_1_49' title='bbox 827 517 1070 559; x_wconf 70' lang='lat' dir='ltr'>investigarent,</span> <span class='ocrx_word' id='word_1_50' title='bbox 1092 514 1147 545; x_wconf 85' lang='lat' dir='ltr'>sed</span> <span class='ocrx_word' id='word_1_51' title='bbox 1170 524 1337 556; x_wconf 85' lang='lat' dir='ltr'>perperam</span> <span class='ocrx_word' id='word_1_52' title='bbox 1359 511 1440 542; x_wconf 89' lang='lat' dir='ltr'>illud</span> 
     </span>
     <span class='ocr_line' id='line_1_7' title="bbox 117 564 1440 619; baseline -0.014 -7"><span class='ocrx_word' id='word_1_53' title='bbox 117 592 155 612; x_wconf 89' lang='lat' dir='ltr'>eo</span> <span class='ocrx_word' id='word_1_54' title='bbox 179 580 315 611; x_wconf 79' lang='lat' dir='ltr'>maxime</span> <span class='ocrx_word' id='word_1_55' title='bbox 340 575 632 619; x_wconf 77' lang='lat' dir='ltr'>interpretabantur</span> <span class='ocrx_word' id='word_1_56' title='bbox 658 584 768 611; x_wconf 86' lang='lat' dir='ltr'>sensu,</span> <span class='ocrx_word' id='word_1_57' title='bbox 799 572 855 614; x_wconf 85' lang='lat' dir='ltr'>qui</span> <span class='ocrx_word' id='word_1_58' title='bbox 882 569 1012 601; x_wconf 79' lang='lat' dir='ltr'>utilitati</span> <span class='ocrx_word' id='word_1_59' title='bbox 1040 570 1181 611; x_wconf 88' lang='lat' dir='ltr'>ipsorum</span> <span class='ocrx_word' id='word_1_60' title='bbox 1209 572 1241 597; x_wconf 88' lang='lat' dir='ltr'>et</span> <span class='ocrx_word' id='word_1_61' title='bbox 1261 564 1440 596; x_wconf 83' lang='lat' dir='ltr'>auctoritati</span> 
     </span>
     <span class='ocr_line' id='line_1_8' title="bbox 117 617 1442 672; baseline -0.014 -7"><span class='ocrx_word' id='word_1_62' title='bbox 117 640 181 665; x_wconf 88' lang='lat' dir='ltr'>tam</span> <span class='ocrx_word' id='word_1_63' title='bbox 197 631 358 664; x_wconf 89' lang='lat' dir='ltr'>firmandae</span> <span class='ocrx_word' id='word_1_64' title='bbox 379 641 474 672; x_wconf 85' lang='lat' dir='ltr'>quam</span> <span class='ocrx_word' id='word_1_65' title='bbox 495 627 650 671; x_wconf 81' lang='lat' dir='ltr'>augendae</span> <span class='ocrx_word' id='word_1_66' title='bbox 669 627 791 658; x_wconf 85' lang='lat' dir='ltr'>faveret</span> <span class='ocrx_word' id='word_1_67' title='bbox 811 631 843 656; x_wconf 90' lang='lat' dir='ltr'>et</span> <span class='ocrx_word' id='word_1_68' title='bbox 862 623 1038 655; x_wconf 83' lang='lat' dir='ltr'>inserviret.</span> <span class='ocrx_word' id='word_1_69' title='bbox 1064 621 1175 659; x_wconf 88' lang='lat' dir='ltr'>Quum</span> <span class='ocrx_word' id='word_1_70' title='bbox 1192 618 1307 649; x_wconf 87' lang='lat' dir='ltr'>deinde</span> <span class='ocrx_word' id='word_1_71' title='bbox 1324 617 1442 657; x_wconf 81' lang='lat' dir='ltr'>summi</span> 
     </span>
     <span class='ocr_line' id='line_1_9' title="bbox 117 669 1443 727; baseline -0.013 -10"><span class='ocrx_word' id='word_1_72' title='bbox 117 687 285 718; x_wconf 82' lang='lat' dir='ltr'>Pontifices</span> <span class='ocrx_word' id='word_1_73' title='bbox 304 684 486 727; x_wconf 84' lang='lat' dir='ltr'>principum</span> <span class='ocrx_word' id='word_1_74' title='bbox 507 686 694 724; x_wconf 85' lang='lat' dir='ltr'>potestatem</span> <span class='ocrx_word' id='word_1_75' title='bbox 715 679 832 710; x_wconf 88' lang='lat' dir='ltr'>arctius</span> <span class='ocrx_word' id='word_1_76' title='bbox 851 678 1080 717; x_wconf 80' lang='lat' dir='ltr'>constringere,</span> <span class='ocrx_word' id='word_1_77' title='bbox 1101 675 1247 716; x_wconf 87' lang='lat' dir='ltr'>ipsosque</span> <span class='ocrx_word' id='word_1_78' title='bbox 1265 671 1323 702; x_wconf 88' lang='lat' dir='ltr'>sibi</span> <span class='ocrx_word' id='word_1_79' title='bbox 1342 669 1443 713; x_wconf 83' lang='lat' dir='ltr'>subji-</span> 
     </span>
     <span class='ocr_line' id='line_1_10' title="bbox 119 724 1443 773; baseline -0.014 -2"><span class='ocrx_word' id='word_1_80' title='bbox 119 751 190 771; x_wconf 86' lang='lat' dir='ltr'>cere</span> <span class='ocrx_word' id='word_1_81' title='bbox 211 745 243 770; x_wconf 89' lang='lat' dir='ltr'>et</span> <span class='ocrx_word' id='word_1_82' title='bbox 264 738 404 769; x_wconf 87' lang='lat' dir='ltr'>subditos</span> <span class='ocrx_word' id='word_1_83' title='bbox 423 735 541 767; x_wconf 90' lang='lat' dir='ltr'>habere</span> <span class='ocrx_word' id='word_1_84' title='bbox 563 733 768 771; x_wconf 82' lang='lat' dir='ltr'>molirentur,</span> <span class='ocrx_word' id='word_1_85' title='bbox 790 738 886 773; x_wconf 86' lang='lat' dir='ltr'>atque</span> <span class='ocrx_word' id='word_1_86' title='bbox 910 729 985 760; x_wconf 83' lang='lat' dir='ltr'>inde</span> <span class='ocrx_word' id='word_1_87' title='bbox 1006 728 1179 759; x_wconf 84' lang='lat' dir='ltr'>tristissima</span> <span class='ocrx_word' id='word_1_88' title='bbox 1200 725 1253 756; x_wconf 88' lang='lat' dir='ltr'>illa</span> <span class='ocrx_word' id='word_1_89' title='bbox 1275 724 1443 755; x_wconf 83' lang='lat' dir='ltr'>Pontifices</span> 
     </span>
     <span class='ocr_line' id='line_1_11' title="bbox 118 777 1444 830; baseline -0.015 -5"><span class='ocrx_word' id='word_1_90' title='bbox 118 789 214 825; x_wconf 71' lang='lat' dir='ltr'>inter‘</span> <span class='ocrx_word' id='word_1_91' title='bbox 228 798 261 823; x_wconf 89' lang='lat' dir='ltr'>et</span> <span class='ocrx_word' id='word_1_92' title='bbox 285 790 465 822; x_wconf 76' lang='lat' dir='ltr'>Germaniae</span> <span class='ocrx_word' id='word_1_93' title='bbox 489 789 717 830; x_wconf 82' lang='lat' dir='ltr'>Imperatores,</span> <span class='ocrx_word' id='word_1_94' title='bbox 743 785 942 826; x_wconf 85' lang='lat' dir='ltr'>aliarumque</span> <span class='ocrx_word' id='word_1_95' title='bbox 968 782 1113 824; x_wconf 86' lang='lat' dir='ltr'>gentium</span> <span class='ocrx_word' id='word_1_96' title='bbox 1137 779 1238 821; x_wconf 80' lang='lat' dir='ltr'>Reges</span> <span class='ocrx_word' id='word_1_97' title='bbox 1262 777 1387 808; x_wconf 85' lang='lat' dir='ltr'>dissidia</span> <span class='ocrx_word' id='word_1_98' title='bbox 1412 781 1444 806; x_wconf 77' lang='lat' dir='ltr'>et</span> 
     </span>
     <span class='ocr_line' id='line_1_12' title="bbox 118 829 1444 882; baseline -0.014 -4"><span class='ocrx_word' id='word_1_99' title='bbox 118 846 200 878; x_wconf 84' lang='lat' dir='ltr'>bella</span> <span class='ocrx_word' id='word_1_100' title='bbox 225 851 334 876; x_wconf 80' lang='lat' dir='ltr'>exorta</span> <span class='ocrx_word' id='word_1_101' title='bbox 356 848 475 882; x_wconf 71' lang='lat' dir='ltr'>essent,</span> <span class='ocrx_word' id='word_1_102' title='bbox 496 841 665 873; x_wconf 86' lang='lat' dir='ltr'>Pontifices</span> <span class='ocrx_word' id='word_1_103' title='bbox 685 843 869 881; x_wconf 80' lang='lat' dir='ltr'>usurpatam</span> <span class='ocrx_word' id='word_1_104' title='bbox 895 848 913 867; x_wconf 88' lang='lat' dir='ltr'>a</span> <span class='ocrx_word' id='word_1_105' title='bbox 931 847 963 867; x_wconf 88' lang='lat' dir='ltr'>se</span> <span class='ocrx_word' id='word_1_106' title='bbox 982 833 1230 865; x_wconf 83' lang='lat' dir='ltr'>dominationem</span> <span class='ocrx_word' id='word_1_107' title='bbox 1252 831 1367 874; x_wconf 79' lang='lat' dir='ltr'>placito</span> <span class='ocrx_word' id='word_1_108' title='bbox 1390 829 1444 860; x_wconf 89' lang='lat' dir='ltr'>illo</span> 
     </span>
     <span class='ocr_line' id='line_1_13' title="bbox 120 883 1444 939; baseline -0.014 -8"><span class='ocrx_word' id='word_1_109' title='bbox 120 900 160 931; x_wconf 88' lang='lat' dir='ltr'>de</span> <span class='ocrx_word' id='word_1_110' title='bbox 181 899 288 930; x_wconf 88' lang='lat' dir='ltr'>divina</span> <span class='ocrx_word' id='word_1_111' title='bbox 312 897 439 939; x_wconf 87' lang='lat' dir='ltr'>imperii</span> <span class='ocrx_word' id='word_1_112' title='bbox 462 895 584 937; x_wconf 84' lang='lat' dir='ltr'>origine</span> <span class='ocrx_word' id='word_1_113' title='bbox 605 893 800 923; x_wconf 84' lang='lat' dir='ltr'>studuerunt</span> <span class='ocrx_word' id='word_1_114' title='bbox 820 891 903 922; x_wconf 85' lang='lat' dir='ltr'>tueri</span> <span class='ocrx_word' id='word_1_115' title='bbox 923 895 956 920; x_wconf 93' lang='lat' dir='ltr'>et</span> <span class='ocrx_word' id='word_1_116' title='bbox 976 888 1172 919; x_wconf 82' lang='lat' dir='ltr'>confirmare.</span> <span class='ocrx_word' id='word_1_117' title='bbox 1196 885 1334 915; x_wconf 89' lang='lat' dir='ltr'>Omnem</span> <span class='ocrx_word' id='word_1_118' title='bbox 1357 883 1444 914; x_wconf 87' lang='lat' dir='ltr'>enim</span> 
     </span>
     <span class='ocr_line' id='line_1_14' title="bbox 121 935 1444 994; baseline -0.014 -11"><span class='ocrx_word' id='word_1_119' title='bbox 121 957 305 994; x_wconf 84' lang='lat' dir='ltr'>potestatem</span> <span class='ocrx_word' id='word_1_120' title='bbox 332 948 518 980; x_wconf 82' lang='lat' dir='ltr'>dictitabant</span> <span class='ocrx_word' id='word_1_121' title='bbox 536 946 690 988; x_wconf 83' lang='lat' dir='ltr'>proficisci</span> <span class='ocrx_word' id='word_1_122' title='bbox 712 956 728 975; x_wconf 90' lang='lat' dir='ltr'>a</span> <span class='ocrx_word' id='word_1_123' title='bbox 754 945 838 983; x_wconf 76' lang='lat' dir='ltr'>De03</span> <span class='ocrx_word' id='word_1_124' title='bbox 864 948 895 973; x_wconf 90' lang='lat' dir='ltr'>et</span> <span class='ocrx_word' id='word_1_125' title='bbox 917 942 1034 972; x_wconf 86' lang='lat' dir='ltr'>idcirco</span> <span class='ocrx_word' id='word_1_126' title='bbox 1060 941 1252 982; x_wconf 79' lang='lat' dir='ltr'>imperantes</span> <span class='ocrx_word' id='word_1_127' title='bbox 1272 935 1444 968; x_wconf 85' lang='lat' dir='ltr'>censendos</span> 
     </span>
     <span class='ocr_line' id='line_1_15' title="bbox 121 988 1444 1038; baseline -0.013 -3"><span class='ocrx_word' id='word_1_128' title='bbox 121 1015 186 1035; x_wconf 88' lang='lat' dir='ltr'>esse</span> <span class='ocrx_word' id='word_1_129' title='bbox 207 1016 223 1034; x_wconf 90' lang='lat' dir='ltr'>a</span> <span class='ocrx_word' id='word_1_130' title='bbox 244 1013 370 1034; x_wconf 89' lang='lat' dir='ltr'>summo</span> <span class='ocrx_word' id='word_1_131' title='bbox 386 1001 556 1038; x_wconf 80' lang='lat' dir='ltr'>Pontifice,</span> <span class='ocrx_word' id='word_1_132' title='bbox 576 999 635 1029; x_wconf 91' lang='lat' dir='ltr'>Dei</span> <span class='ocrx_word' id='word_1_133' title='bbox 655 999 689 1028; x_wconf 87' lang='lat' dir='ltr'>in</span> <span class='ocrx_word' id='word_1_134' title='bbox 708 1003 867 1028; x_wconf 86' lang='lat' dir='ltr'>terrarum</span> <span class='ocrx_word' id='word_1_135' title='bbox 883 994 958 1026; x_wconf 89' lang='lat' dir='ltr'>orbe</span> <span class='ocrx_word' id='word_1_136' title='bbox 977 994 1110 1031; x_wconf 85' lang='lat' dir='ltr'>vicario,</span> <span class='ocrx_word' id='word_1_137' title='bbox 1130 992 1331 1029; x_wconf 75' lang='lat' dir='ltr'>constitutos,</span> <span class='ocrx_word' id='word_1_138' title='bbox 1351 988 1444 1030; x_wconf 84' lang='lat' dir='ltr'>cujus</span> 
     </span>
     <span class='ocr_line' id='line_1_16' title="bbox 122 1041 1444 1099; baseline -0.011 -13"><span class='ocrx_word' id='word_1_139' title='bbox 122 1058 220 1099; x_wconf 78' lang='lat' dir='ltr'>igitur</span> <span class='ocrx_word' id='word_1_140' title='bbox 237 1055 332 1085; x_wconf 89' lang='lat' dir='ltr'>solius</span> <span class='ocrx_word' id='word_1_141' title='bbox 346 1053 532 1084; x_wconf 88' lang='lat' dir='ltr'>auctoritate</span> <span class='ocrx_word' id='word_1_142' title='bbox 547 1051 705 1092; x_wconf 81' lang='lat' dir='ltr'>principes</span> <span class='ocrx_word' id='word_1_143' title='bbox 724 1050 801 1080; x_wconf 79' lang='lat' dir='ltr'>exui</span> <span class='ocrx_word' id='word_1_144' title='bbox 812 1048 964 1091; x_wconf 87' lang='lat' dir='ltr'>imperio,</span> <span class='ocrx_word' id='word_1_145' title='bbox 979 1046 1090 1089; x_wconf 88' lang='lat' dir='ltr'>populi</span> <span class='ocrx_word' id='word_1_146' title='bbox 1111 1044 1297 1076; x_wconf 89' lang='lat' dir='ltr'>obedientiae</span> <span class='ocrx_word' id='word_1_147' title='bbox 1314 1041 1444 1074; x_wconf 89' lang='lat' dir='ltr'>vinculo</span> 
     </span>
     <span class='ocr_line' id='line_1_17' title="bbox 121 1098 1446 1149; baseline -0.012 -10"><span class='ocrx_word' id='word_1_148' title='bbox 121 1109 198 1140; x_wconf 87' lang='lat' dir='ltr'>solvi</span> <span class='ocrx_word' id='word_1_149' title='bbox 220 1111 355 1149; x_wconf 85' lang='lat' dir='ltr'>possent.</span> <span class='ocrx_word' id='word_1_150' title='bbox 383 1105 463 1143; x_wconf 85' lang='lat' dir='ltr'>Quis</span> <span class='ocrx_word' id='word_1_151' title='bbox 483 1104 518 1134; x_wconf 90' lang='lat' dir='ltr'>in</span> <span class='ocrx_word' id='word_1_152' title='bbox 542 1103 670 1133; x_wconf 85' lang='lat' dir='ltr'>historia</span> <span class='ocrx_word' id='word_1_153' title='bbox 694 1103 830 1144; x_wconf 78' lang='lat' dir='ltr'>Europae</span> <span class='ocrx_word' id='word_1_154' title='bbox 853 1100 979 1143; x_wconf 89' lang='lat' dir='ltr'>politica</span> <span class='ocrx_word' id='word_1_155' title='bbox 1001 1099 1078 1130; x_wconf 83' lang='lat' dir='ltr'>adeo</span> <span class='ocrx_word' id='word_1_156' title='bbox 1099 1098 1210 1140; x_wconf 88' lang='lat' dir='ltr'>hospes</span> <span class='ocrx_word' id='word_1_157' title='bbox 1230 1102 1292 1134; x_wconf 83' lang='lat' dir='ltr'>est,</span> <span class='ocrx_word' id='word_1_158' title='bbox 1313 1101 1350 1125; x_wconf 88' lang='lat' dir='ltr'>ut</span> <span class='ocrx_word' id='word_1_159' title='bbox 1372 1105 1446 1136; x_wconf 80' lang='lat' dir='ltr'>gra—</span> 
     </span>
     <span class='ocr_line' id='line_1_18' title="bbox 121 1145 1443 1198; baseline -0.012 -6"><span class='ocrx_word' id='word_1_160' title='bbox 121 1162 244 1194; x_wconf 79' lang='lat' dir='ltr'>vissima</span> <span class='ocrx_word' id='word_1_161' title='bbox 261 1159 360 1198; x_wconf 89' lang='lat' dir='ltr'>mala,</span> <span class='ocrx_word' id='word_1_162' title='bbox 379 1169 418 1189; x_wconf 84' lang='lat' dir='ltr'>ex</span> <span class='ocrx_word' id='word_1_163' title='bbox 434 1155 690 1188; x_wconf 87' lang='lat' dir='ltr'>contentionibus</span> <span class='ocrx_word' id='word_1_164' title='bbox 705 1155 766 1186; x_wconf 90' lang='lat' dir='ltr'>illis</span> <span class='ocrx_word' id='word_1_165' title='bbox 782 1156 816 1185; x_wconf 93' lang='lat' dir='ltr'>in</span> <span class='ocrx_word' id='word_1_166' title='bbox 833 1154 1017 1197; x_wconf 83' lang='lat' dir='ltr'>Regnorum</span> <span class='ocrx_word' id='word_1_167' title='bbox 1037 1151 1171 1182; x_wconf 85' lang='lat' dir='ltr'>salutem</span> <span class='ocrx_word' id='word_1_168' title='bbox 1191 1155 1274 1188; x_wconf 88' lang='lat' dir='ltr'>orta,</span> <span class='ocrx_word' id='word_1_169' title='bbox 1292 1145 1443 1189; x_wconf 74' lang='lat' dir='ltr'>ignoret?</span> 
     </span>
     <span class='ocr_line' id='line_1_19' title="bbox 122 1200 1445 1252; baseline -0.012 -7"><span class='ocrx_word' id='word_1_170' title='bbox 122 1213 300 1246; x_wconf 79' lang='lat' dir='ltr'>Germaniae</span> <span class='ocrx_word' id='word_1_171' title='bbox 319 1217 427 1243; x_wconf 86' lang='lat' dir='ltr'>autem</span> <span class='ocrx_word' id='word_1_172' title='bbox 444 1210 652 1252; x_wconf 86' lang='lat' dir='ltr'>Imperatores</span> <span class='ocrx_word' id='word_1_173' title='bbox 664 1232 672 1248; x_wconf 83' lang='lat'>‚</span> <span class='ocrx_word' id='word_1_174' title='bbox 694 1214 732 1239; x_wconf 88' lang='lat' dir='ltr'>ut</span> <span class='ocrx_word' id='word_1_175' title='bbox 754 1207 933 1239; x_wconf 84' lang='lat' dir='ltr'>libertatem</span> <span class='ocrx_word' id='word_1_176' title='bbox 952 1212 985 1237; x_wconf 93' lang='lat' dir='ltr'>et</span> <span class='ocrx_word' id='word_1_177' title='bbox 1003 1205 1074 1250; x_wconf 82' lang='lat' dir='ltr'>jura</span> <span class='ocrx_word' id='word_1_178' title='bbox 1097 1216 1154 1235; x_wconf 84' lang='lat' dir='ltr'>sua</span> <span class='ocrx_word' id='word_1_179' title='bbox 1178 1203 1217 1234; x_wconf 89' lang='lat' dir='ltr'>ab</span> <span class='ocrx_word' id='word_1_180' title='bbox 1236 1202 1290 1232; x_wconf 92' lang='lat' dir='ltr'>illo</span> <span class='ocrx_word' id='word_1_181' title='bbox 1310 1200 1445 1231; x_wconf 84' lang='lat' dir='ltr'>Pontifi-</span> 
     </span>
     <span class='ocr_line' id='line_1_20' title="bbox 120 1255 1445 1304; baseline -0.012 -6"><span class='ocrx_word' id='word_1_182' title='bbox 120 1279 194 1299; x_wconf 90' lang='lat' dir='ltr'>cum</span> <span class='ocrx_word' id='word_1_183' title='bbox 220 1265 348 1297; x_wconf 86' lang='lat' dir='ltr'>arbitrio</span> <span class='ocrx_word' id='word_1_184' title='bbox 378 1263 577 1296; x_wconf 79' lang='lat' dir='ltr'>vindicarent</span> <span class='ocrx_word' id='word_1_185' title='bbox 606 1267 701 1304; x_wconf 81' lang='lat' dir='ltr'>atque</span> <span class='ocrx_word' id='word_1_186' title='bbox 731 1259 957 1299; x_wconf 83' lang='lat' dir='ltr'>defenderent,</span> <span class='ocrx_word' id='word_1_187' title='bbox 981 1270 1014 1290; x_wconf 92' lang='lat' dir='ltr'>se</span> <span class='ocrx_word' id='word_1_188' title='bbox 1039 1270 1056 1288; x_wconf 87' lang='lat' dir='ltr'>a</span> <span class='ocrx_word' id='word_1_189' title='bbox 1076 1258 1144 1288; x_wconf 85' lang='lat' dir='ltr'>Deo</span> <span class='ocrx_word' id='word_1_190' title='bbox 1174 1255 1347 1297; x_wconf 70' lang='lat' dir='ltr'>proxime,</span> <span class='ocrx_word' id='word_1_191' title='bbox 1384 1263 1445 1283; x_wconf 87' lang='lat' dir='ltr'>nec</span> 
     </span>
     <span class='ocr_line' id='line_1_21' title="bbox 121 1310 1444 1357; baseline -0.011 -6"><span class='ocrx_word' id='word_1_192' title='bbox 121 1326 230 1352; x_wconf 84' lang='lat' dir='ltr'>autem</span> <span class='ocrx_word' id='word_1_193' title='bbox 253 1320 428 1350; x_wconf 89' lang='lat' dir='ltr'>intercessu</span> <span class='ocrx_word' id='word_1_194' title='bbox 445 1315 608 1347; x_wconf 87' lang='lat' dir='ltr'>Pontificis</span> <span class='ocrx_word' id='word_1_195' title='bbox 627 1314 788 1357; x_wconf 82' lang='lat' dir='ltr'>supremi,</span> <span class='ocrx_word' id='word_1_196' title='bbox 813 1318 999 1356; x_wconf 83' lang='lat' dir='ltr'>potestatem</span> <span class='ocrx_word' id='word_1_197' title='bbox 1018 1310 1136 1342; x_wconf 85' lang='lat' dir='ltr'>habere</span> <span class='ocrx_word' id='word_1_198' title='bbox 1161 1318 1342 1351; x_wconf 82' lang='lat' dir='ltr'>supremam</span> <span class='ocrx_word' id='word_1_199' title='bbox 1366 1317 1444 1336; x_wconf 84' lang='lat' dir='ltr'>con-</span> 
     </span>
     <span class='ocr_line' id='line_1_22' title="bbox 121 1362 1444 1413; baseline -0.013 -8"><span class='ocrx_word' id='word_1_200' title='bbox 121 1373 304 1406; x_wconf 87' lang='lat' dir='ltr'>tendebant.</span> <span class='ocrx_word' id='word_1_201' title='bbox 327 1371 475 1413; x_wconf 82' lang='lat' dir='ltr'>Denique</span> <span class='ocrx_word' id='word_1_202' title='bbox 495 1369 555 1411; x_wconf 75' lang='lat' dir='ltr'>ipsi</span> <span class='ocrx_word' id='word_1_203' title='bbox 577 1368 741 1410; x_wconf 83' lang='lat' dir='ltr'>Principes</span> <span class='ocrx_word' id='word_1_204' title='bbox 757 1367 904 1409; x_wconf 81' lang='lat' dir='ltr'>Imperii,</span> <span class='ocrx_word' id='word_1_205' title='bbox 926 1365 990 1397; x_wconf 69' lang='lat' dir='ltr'>suab</span> <span class='ocrx_word' id='word_1_206' title='bbox 1006 1363 1174 1395; x_wconf 75' lang='lat' dir='ltr'>Ludovico</span> <span class='ocrx_word' id='word_1_207' title='bbox 1192 1362 1347 1395; x_wconf 80' lang='lat' dir='ltr'>Bavaro,</span> <span class='ocrx_word' id='word_1_208' title='bbox 1370 1369 1444 1389; x_wconf 91' lang='lat' dir='ltr'>sen—</span> 
     </span>
     <span class='ocr_line' id='line_1_23' title="bbox 121 1412 1444 1463; baseline -0.014 -5"><span class='ocrx_word' id='word_1_209' title='bbox 121 1427 253 1458; x_wconf 81' lang='lat' dir='ltr'>tentiam</span> <span class='ocrx_word' id='word_1_210' title='bbox 272 1425 359 1456; x_wconf 82' lang='lat' dir='ltr'>illam</span> <span class='ocrx_word' id='word_1_211' title='bbox 377 1429 486 1455; x_wconf 83' lang='lat' dir='ltr'>contra</span> <span class='ocrx_word' id='word_1_212' title='bbox 500 1422 662 1454; x_wconf 88' lang='lat' dir='ltr'>Pontificis</span> <span class='ocrx_word' id='word_1_213' title='bbox 681 1421 895 1463; x_wconf 79' lang='lat' dir='ltr'>principatum</span> <span class='ocrx_word' id='word_1_214' title='bbox 916 1417 1140 1449; x_wconf 80' lang='lat' dir='ltr'>constitutione</span> <span class='ocrx_word' id='word_1_215' title='bbox 1154 1412 1312 1456; x_wconf 88' lang='lat' dir='ltr'>imperiali</span> <span class='ocrx_word' id='word_1_216' title='bbox 1327 1422 1444 1453; x_wconf 90' lang='lat' dir='ltr'>appro-</span> 
     </span>
     <span class='ocr_line' id='line_1_24' title="bbox 122 1463 1443 1520; baseline -0.014 -9"><span class='ocrx_word' id='word_1_217' title='bbox 122 1480 239 1511; x_wconf 84' lang='lat' dir='ltr'>barunt</span> <span class='ocrx_word' id='word_1_218' title='bbox 258 1479 315 1520; x_wconf 80' lang='lat'>(2).</span> <span class='ocrx_word' id='word_1_219' title='bbox 338 1476 520 1509; x_wconf 85' lang='lat' dir='ltr'>Mirandum</span> <span class='ocrx_word' id='word_1_220' title='bbox 541 1486 616 1506; x_wconf 89' lang='lat' dir='ltr'>sane</span> <span class='ocrx_word' id='word_1_221' title='bbox 637 1480 698 1513; x_wconf 86' lang='lat' dir='ltr'>est,</span> <span class='ocrx_word' id='word_1_222' title='bbox 721 1472 902 1517; x_wconf 87' lang='lat' dir='ltr'>hujusmodi</span> <span class='ocrx_word' id='word_1_223' title='bbox 927 1470 1116 1502; x_wconf 85' lang='lat' dir='ltr'>sententiam</span> <span class='ocrx_word' id='word_1_224' title='bbox 1135 1466 1326 1510; x_wconf 89' lang='lat' dir='ltr'>propositam</span> <span class='ocrx_word' id='word_1_225' title='bbox 1346 1463 1443 1494; x_wconf 86' lang='lat' dir='ltr'>fuisse</span> 
     </span>
     <span class='ocr_line' id='line_1_25' title="bbox 124 1518 1443 1575; baseline -0.014 -11"><span class='ocrx_word' id='word_1_226' title='bbox 124 1533 163 1564; x_wconf 86' lang='lat' dir='ltr'>ab</span> <span class='ocrx_word' id='word_1_227' title='bbox 184 1531 448 1575; x_wconf 85' lang='lat' dir='ltr'>Imperatoribus,</span> <span class='ocrx_word' id='word_1_228' title='bbox 475 1530 531 1572; x_wconf 91' lang='lat' dir='ltr'>qui</span> <span class='ocrx_word' id='word_1_229' title='bbox 555 1529 713 1559; x_wconf 83' lang='lat' dir='ltr'>electione</span> <span class='ocrx_word' id='word_1_230' title='bbox 737 1527 776 1558; x_wconf 86' lang='lat' dir='ltr'>ad</span> <span class='ocrx_word' id='word_1_231' title='bbox 797 1527 968 1569; x_wconf 89' lang='lat' dir='ltr'>imperium</span> <span class='ocrx_word' id='word_1_232' title='bbox 994 1526 1222 1567; x_wconf 74' lang='lat' dir='ltr'>pervenerant,</span> <span class='ocrx_word' id='word_1_233' title='bbox 1244 1518 1443 1558; x_wconf 88' lang='lat' dir='ltr'>eandemque</span> 
     </span>
     <span class='ocr_line' id='line_1_26' title="bbox 124 1572 1447 1628; baseline -0.014 -11"><span class='ocrx_word' id='word_1_234' title='bbox 124 1585 328 1628; x_wconf 84' lang='lat' dir='ltr'>approbatam</span> <span class='ocrx_word' id='word_1_235' title='bbox 357 1596 374 1615; x_wconf 80' lang='lat' dir='ltr'>a</span> <span class='ocrx_word' id='word_1_236' title='bbox 406 1581 626 1625; x_wconf 75' lang='lat' dir='ltr'>Principibus,</span> <span class='ocrx_word' id='word_1_237' title='bbox 667 1581 724 1624; x_wconf 73' lang='lat' dir='ltr'>qui</span> <span class='ocrx_word' id='word_1_238' title='bbox 752 1580 881 1612; x_wconf 79' lang='lat' dir='ltr'>nomine</span> <span class='ocrx_word' id='word_1_239' title='bbox 913 1577 1028 1622; x_wconf 82' lang='lat' dir='ltr'>populi</span> <span class='ocrx_word' id='word_1_240' title='bbox 1061 1573 1243 1607; x_wconf 88' lang='lat' dir='ltr'>Germanici</span> <span class='ocrx_word' id='word_1_241' title='bbox 1277 1572 1447 1613; x_wconf 71' lang='lat' dir='ltr'>elegerant</span> 
     </span>
     <span class='ocr_line' id='line_1_27' title="bbox 125 1639 360 1681; baseline -0.009 -12"><span class='ocrx_word' id='word_1_242' title='bbox 125 1639 360 1681; x_wconf 79' lang='lat' dir='ltr'>Imperatorem.</span> 
     </span>
    </p>

    <p class='ocr_par' dir='ltr' id='par_1_3' title="bbox 123 1697 1445 1718">
     <span class='ocr_line' id='line_1_28' title="bbox 123 1697 1445 1718; baseline -0.014 0"><span class='ocrx_word' id='word_1_243' title='bbox 123 1697 1445 1718; x_wconf 47' lang='grc' dir='ltr'><strong><em>Μ</em></strong></span> 
     </span>
    </p>
   </div>
   <div class='ocr_carea' id='block_1_3' title="bbox 125 1747 1449 2059">
    <p class='ocr_par' dir='ltr' id='par_1_4' title="bbox 125 1747 1448 1944">
     <span class='ocr_line' id='line_1_29' title="bbox 157 1747 1448 1788; baseline -0.012 -8"><span class='ocrx_word' id='word_1_244' title='bbox 157 1759 189 1788; x_wconf 88' lang='grc' dir='ltr'>(ι)</span> <span class='ocrx_word' id='word_1_245' title='bbox 205 1758 243 1781; x_wconf 88' lang='lat' dir='ltr'>Ad</span> <span class='ocrx_word' id='word_1_246' title='bbox 258 1758 363 1780; x_wconf 84' lang='lat' dir='ltr'>Roman.</span> <span class='ocrx_word' id='word_1_247' title='bbox 379 1757 451 1779; x_wconf 75' lang='lat' dir='ltr'>xllx.</span> <span class='ocrx_word' id='word_1_248' title='bbox 470 1764 488 1778; x_wconf 84' lang='grc' dir='ltr'>ι.</span> <span class='ocrx_word' id='word_1_249' title='bbox 502 1764 523 1778; x_wconf 85' lang='lat'>2.</span> <span class='ocrx_word' id='word_1_250' title='bbox 536 1755 591 1778; x_wconf 89' lang='lat' dir='ltr'>Joh.</span> <span class='ocrx_word' id='word_1_251' title='bbox 606 1755 676 1777; x_wconf 82' lang='lat' dir='ltr'>XIX.</span> <span class='ocrx_word' id='word_1_252' title='bbox 696 1762 731 1777; x_wconf 85' lang='lat'>11.</span> <span class='ocrx_word' id='word_1_253' title='bbox 747 1767 773 1772; x_wconf 88' lang='lat'><em>-</em></span> <span class='ocrx_word' id='word_1_254' title='bbox 790 1763 803 1776; x_wconf 87' lang='lat'>«</span> <span class='ocrx_word' id='word_1_255' title='bbox 817 1753 866 1783; x_wconf 86' lang='lat' dir='ltr'>Qui</span> <span class='ocrx_word' id='word_1_256' title='bbox 880 1753 959 1776; x_wconf 68' lang='lat' dir='ltr'>Deum</span> <span class='ocrx_word' id='word_1_257' title='bbox 972 1751 1137 1775; x_wconf 82' lang='lat' dir='ltr'>immediatam</span> <span class='ocrx_word' id='word_1_258' title='bbox 1146 1755 1242 1772; x_wconf 86' lang='lat' dir='ltr'>causam</span> <span class='ocrx_word' id='word_1_259' title='bbox 1256 1752 1356 1769; x_wconf 84' lang='lat' dir='ltr'>summae</span> <span class='ocrx_word' id='word_1_260' title='bbox 1369 1747 1448 1773; x_wconf 74' lang='lat' dir='ltr'>potes-</span> 
     </span>
     <span class='ocr_line' id='line_1_30' title="bbox 128 1783 1445 1825; baseline -0.013 -5"><span class='ocrx_word' id='word_1_261' title='bbox 128 1806 142 1819; x_wconf 73' lang='lat'><strong><em>»</em></strong></span> <span class='ocrx_word' id='word_1_262' title='bbox 158 1797 213 1820; x_wconf 65' lang='lat' dir='ltr'>tatis</span> <span class='ocrx_word' id='word_1_263' title='bbox 226 1797 365 1825; x_wconf 71' lang='lat' dir='ltr'>adstruunt,</span> <span class='ocrx_word' id='word_1_264' title='bbox 383 1812 389 1818; x_wconf 93' lang='lat'>.</span> <span class='ocrx_word' id='word_1_265' title='bbox 398 1812 404 1818; x_wconf 91' lang='lat'>.</span> <span class='ocrx_word' id='word_1_266' title='bbox 413 1812 418 1818; x_wconf 95' lang='lat'>.</span> <span class='ocrx_word' id='word_1_267' title='bbox 427 1812 434 1818; x_wconf 88' lang='lat'>.</span> <span class='ocrx_word' id='word_1_268' title='bbox 452 1794 617 1825; x_wconf 82' lang='lat' dir='ltr'>imaginamur</span> <span class='ocrx_word' id='word_1_269' title='bbox 628 1793 674 1816; x_wconf 80' lang='lat' dir='ltr'>sibi</span> <span class='ocrx_word' id='word_1_270' title='bbox 687 1794 842 1822; x_wconf 77' lang='lat' dir='ltr'>Maiestatem</span> <span class='ocrx_word' id='word_1_271' title='bbox 851 1792 960 1815; x_wconf 72' lang='lat' dir='ltr'>adinstar</span> <span class='ocrx_word' id='word_1_272' title='bbox 973 1791 1033 1820; x_wconf 66' lang='lat' dir='ltr'>olei,</span> <span class='ocrx_word' id='word_1_273' title='bbox 1050 1789 1119 1821; x_wconf 85' lang='lat' dir='ltr'>quasi</span> <span class='ocrx_word' id='word_1_274' title='bbox 1132 1789 1175 1811; x_wconf 84' lang='lat' dir='ltr'>illa</span> <span class='ocrx_word' id='word_1_275' title='bbox 1191 1786 1291 1810; x_wconf 75' lang='lat' dir='ltr'>coelitus</span> <span class='ocrx_word' id='word_1_276' title='bbox 1304 1783 1445 1807; x_wconf 73' lang='lat' dir='ltr'>effundatur</span> 
     </span>
     <span class='ocr_line' id='line_1_31' title="bbox 128 1822 1446 1868; baseline -0.011 -10"><span class='ocrx_word' id='word_1_277' title='bbox 128 1845 141 1858; x_wconf 86' lang='lat'>›&gt;</span> <span class='ocrx_word' id='word_1_278' title='bbox 158 1836 184 1858; x_wconf 89' lang='lat' dir='ltr'>in</span> <span class='ocrx_word' id='word_1_279' title='bbox 204 1843 328 1868; x_wconf 77' lang='lat' dir='ltr'>personam</span> <span class='ocrx_word' id='word_1_280' title='bbox 351 1835 499 1865; x_wconf 71' lang='lat' dir='ltr'>designatam</span> <span class='ocrx_word' id='word_1_281' title='bbox 520 1841 533 1856; x_wconf 81' lang='lat' dir='ltr'>a</span> <span class='ocrx_word' id='word_1_282' title='bbox 554 1833 656 1863; x_wconf 76' lang='lat' dir='ltr'>populo;</span> <span class='ocrx_word' id='word_1_283' title='bbox 678 1833 718 1855; x_wconf 79' lang='lat' dir='ltr'>sed</span> <span class='ocrx_word' id='word_1_284' title='bbox 739 1840 766 1855; x_wconf 84' lang='lat' dir='ltr'>eo</span> <span class='ocrx_word' id='word_1_285' title='bbox 789 1832 840 1862; x_wconf 82' lang='lat' dir='ltr'>ipso</span> <span class='ocrx_word' id='word_1_286' title='bbox 860 1831 955 1862; x_wconf 83' lang='lat' dir='ltr'>aliquid</span> <span class='ocrx_word' id='word_1_287' title='bbox 976 1833 1096 1857; x_wconf 78' lang='lat' dir='ltr'>asserunt,</span> <span class='ocrx_word' id='word_1_288' title='bbox 1120 1827 1185 1859; x_wconf 88' lang='lat' dir='ltr'>quod</span> <span class='ocrx_word' id='word_1_289' title='bbox 1205 1824 1326 1857; x_wconf 73' lang='lat' dir='ltr'>quomodo</span> <span class='ocrx_word' id='word_1_290' title='bbox 1347 1822 1402 1851; x_wconf 77' lang='lat' dir='ltr'>fiat,</span> <span class='ocrx_word' id='word_1_291' title='bbox 1423 1828 1446 1842; x_wconf 74' lang='lat' dir='ltr'>se</span> 
     </span>
     <span class='ocr_line' id='line_1_32' title="bbox 127 1863 1444 1905; baseline -0.011 -6"><span class='ocrx_word' id='word_1_292' title='bbox 127 1884 141 1897; x_wconf 73' lang='lat' dir='ltr'>n</span> <span class='ocrx_word' id='word_1_293' title='bbox 156 1875 245 1899; x_wconf 80' lang='lat' dir='ltr'>nescire</span> <span class='ocrx_word' id='word_1_294' title='bbox 265 1874 440 1905; x_wconf 51' lang='lat' dir='ltr'>promeriture*</span> <span class='ocrx_word' id='word_1_295' title='bbox 454 1874 476 1897; x_wconf 71' lang='grc' dir='ltr'>Ι.</span> <span class='ocrx_word' id='word_1_296' title='bbox 499 1873 531 1896; x_wconf 88' lang='grc' dir='ltr'>Η.</span> <span class='ocrx_word' id='word_1_297' title='bbox 552 1873 697 1902; x_wconf 62' lang='lat' dir='ltr'>Boanum,</span> <span class='ocrx_word' id='word_1_298' title='bbox 715 1872 810 1896; x_wconf 77' lang='lat' dir='ltr'>Introd.</span> <span class='ocrx_word' id='word_1_299' title='bbox 826 1873 855 1895; x_wconf 80' lang='grc' dir='ltr'>ιἰι</span> <span class='ocrx_word' id='word_1_300' title='bbox 873 1872 919 1894; x_wconf 81' lang='lat' dir='ltr'>Jus</span> <span class='ocrx_word' id='word_1_301' title='bbox 937 1870 1074 1893; x_wconf 65' lang='lat' dir='ltr'>Publiciana</span> <span class='ocrx_word' id='word_1_302' title='bbox 1091 1866 1240 1891; x_wconf 70' lang='lat' dir='ltr'>universate.</span> <span class='ocrx_word' id='word_1_303' title='bbox 1258 1863 1357 1889; x_wconf 86' lang='lat' dir='ltr'>Halae,</span> <span class='ocrx_word' id='word_1_304' title='bbox 1379 1867 1444 1890; x_wconf 85' lang='lat'><strong>¹7¹⁰·</strong></span> 
     </span>
     <span class='ocr_line' id='line_1_33' title="bbox 125 1913 346 1944; baseline 0 -8"><span class='ocrx_word' id='word_1_305' title='bbox 125 1922 149 1944; x_wconf 84' lang='lat' dir='ltr'>p.</span> <span class='ocrx_word' id='word_1_306' title='bbox 173 1915 222 1936; x_wconf 81' lang='lat'>182.</span> <span class='ocrx_word' id='word_1_307' title='bbox 244 1914 302 1936; x_wconf 81' lang='lat' dir='ltr'>Not.</span> <span class='ocrx_word' id='word_1_308' title='bbox 322 1913 346 1936; x_wconf 84' lang='grc' dir='ltr'>Ιι.</span> 
     </span>
    </p>

    <p class='ocr_par' dir='ltr' id='par_1_5' title="bbox 126 1941 1449 2059">
     <span class='ocr_line' id='line_1_34' title="bbox 157 1941 1449 1983; baseline -0.012 -6"><span class='ocrx_word' id='word_1_309' title='bbox 157 1956 200 1983; x_wconf 83' lang='lat'>(2)</span> <span class='ocrx_word' id='word_1_310' title='bbox 216 1963 229 1976; x_wconf 77' lang='lat' dir='ltr'>c&lt;</span> <span class='ocrx_word' id='word_1_311' title='bbox 241 1954 296 1976; x_wconf 82' lang='lat' dir='ltr'>Ideo</span> <span class='ocrx_word' id='word_1_312' title='bbox 305 1953 335 1976; x_wconf 82' lang='lat' dir='ltr'>ad</span> <span class='ocrx_word' id='word_1_313' title='bbox 346 1958 438 1976; x_wconf 75' lang='lat' dir='ltr'>tantum</span> <span class='ocrx_word' id='word_1_314' title='bbox 448 1952 689 1976; x_wconf 65' lang='lat' dir='ltr'>malumevssancffim</span> <span class='ocrx_word' id='word_1_315' title='bbox 701 1952 730 1975; x_wconf 87' lang='lat' dir='ltr'>de</span> <span class='ocrx_word' id='word_1_316' title='bbox 737 1951 840 1975; x_wconf 76' lang='lat' dir='ltr'>consilio</span> <span class='ocrx_word' id='word_1_317' title='bbox 849 1955 872 1973; x_wconf 79' lang='lat' dir='ltr'>et</span> <span class='ocrx_word' id='word_1_318' title='bbox 882 1943 1285 1974; x_wconf 69' lang='lat' dir='ltr'>consenzuElectorumetaliorum</span> <span class='ocrx_word' id='word_1_319' title='bbox 1293 1941 1449 1970; x_wconf 69' lang='lat' dir='ltr'>Principum,-</span> 
     </span>
     <span class='ocr_line' id='line_1_35' title="bbox 126 1982 1449 2024; baseline -0.011 -7"><span class='ocrx_word' id='word_1_320' title='bbox 126 2003 140 2016; x_wconf 62' lang='lat' dir='ltr'>x&gt;</span> <span class='ocrx_word' id='word_1_321' title='bbox 156 1994 316 2022; x_wconf 81' lang='lat' dir='ltr'>declaramus,</span> <span class='ocrx_word' id='word_1_322' title='bbox 335 1993 400 2024; x_wconf 82' lang='lat' dir='ltr'>quod</span> <span class='ocrx_word' id='word_1_323' title='bbox 414 1993 546 2023; x_wconf 77' lang='lat' dir='ltr'>imperialis</span> <span class='ocrx_word' id='word_1_324' title='bbox 560 1992 665 2023; x_wconf 64' lang='lat' dir='ltr'>dignitas</span> <span class='ocrx_word' id='word_1_325' title='bbox 673 1996 697 2015; x_wconf 76' lang='lat' dir='ltr'>et</span> <span class='ocrx_word' id='word_1_326' title='bbox 706 1996 810 2022; x_wconf 78' lang='lat' dir='ltr'>potestas</span> <span class='ocrx_word' id='word_1_327' title='bbox 818 1995 853 2014; x_wconf 68' lang='lat' dir='ltr'>est</span> <span class='ocrx_word' id='word_1_328' title='bbox 863 1989 1002 2012; x_wconf 82' lang='lat' dir='ltr'>immediate</span> <span class='ocrx_word' id='word_1_329' title='bbox 1011 1994 1025 2010; x_wconf 85' lang='lat' dir='ltr'>a</span> <span class='ocrx_word' id='word_1_330' title='bbox 1034 1987 1085 2010; x_wconf 89' lang='lat' dir='ltr'>Deo</span> <span class='ocrx_word' id='word_1_331' title='bbox 1092 1985 1168 2009; x_wconf 74' lang='lat' dir='ltr'>solo.&#39;&#39;</span> <span class='ocrx_word' id='word_1_332' title='bbox 1174 1983 1212 2007; x_wconf 84' lang='lat' dir='ltr'>Cf.</span> <span class='ocrx_word' id='word_1_333' title='bbox 1224 1982 1286 2006; x_wconf 66' lang='lat' dir='ltr'>LH.</span> <span class='ocrx_word' id='word_1_334' title='bbox 1299 1982 1429 2005; x_wconf 75' lang='lat' dir='ltr'>BoERMER</span> <span class='ocrx_word' id='word_1_335' title='bbox 1437 1995 1449 2006; x_wconf 71' lang='lat'>‚-</span> 
     </span>
     <span class='ocr_line' id='line_1_36' title="bbox 126 2026 1148 2059; baseline -0.013 -1"><span class='ocrx_word' id='word_1_336' title='bbox 126 2034 277 2058; x_wconf 67' lang='lat' dir='ltr'>nztmductio</span> <span class='ocrx_word' id='word_1_337' title='bbox 292 2034 318 2056; x_wconf 82' lang='grc' dir='ltr'>ιἰι</span> <span class='ocrx_word' id='word_1_338' title='bbox 335 2034 381 2055; x_wconf 80' lang='lat' dir='ltr'>Jus</span> <span class='ocrx_word' id='word_1_339' title='bbox 400 2032 532 2055; x_wconf 80' lang='lat' dir='ltr'>Publicum</span> <span class='ocrx_word' id='word_1_340' title='bbox 551 2031 696 2055; x_wconf 60' lang='lat' dir='ltr'>universate.</span> <span class='ocrx_word' id='word_1_341' title='bbox 720 2030 819 2057; x_wconf 82' lang='lat' dir='ltr'>Halae,</span> <span class='ocrx_word' id='word_1_342' title='bbox 840 2036 906 2059; x_wconf 82' lang='lat'><strong>²7¹⁰·</strong></span> <span class='ocrx_word' id='word_1_343' title='bbox 924 2034 950 2058; x_wconf 87' lang='lat' dir='ltr'>p.</span> <span class='ocrx_word' id='word_1_344' title='bbox 971 2026 1024 2050; x_wconf 77' lang='lat'>181.</span> <span class='ocrx_word' id='word_1_345' title='bbox 1041 2026 1100 2049; x_wconf 85' lang='lat' dir='ltr'>Not.</span> <span class='ocrx_word' id='word_1_346' title='bbox 1117 2031 1148 2055; x_wconf 58' lang='lat' dir='ltr'>g..</span> 
     </span>
    </p>
   </div>
  </div>
 </body>
</html>
