1747 2620
735 235 851 278 (35)

129 318 295 351 constituit
315 316 364 359 ius
388 314 588 346 subditorum
616 311 766 344 adversus
791 309 951 353 Belgium.
983 307 1055 340 Jam
1077 318 1152 340 vero
1176 312 1215 339 ut
1238 306 1339 339 civilis
1361 313 1469 338 extra-

129 384 263 404 neorum
285 370 396 402 relatio
413 380 452 400 ex
471 368 558 399 omni
576 372 665 410 parte
682 364 932 403 determinetur,
953 368 1066 402 restat,
1089 367 1126 393 ut
1142 360 1269 404 regulas
1289 360 1467 400 tradamus,

129 426 245 470 quibus
268 424 437 456 relationes
455 422 585 453 illorum
606 419 757 452 adversus
778 419 932 462 privat08‚
959 417 1064 462 quoad
1088 417 1214 460 negotia
1235 414 1466 454 individuam,

127 486 300 524 reguntur,
326 478 412 522 quod
434 476 496 521 jam
520 476 651 509 alterius
673 475 772 519 partis
793 473 955 518 objectum
979 472 1161 504 constituet.

130 619 187 629 ww
192 618 259 626 *aasz
265 618 337 626 m
341 618 411 627 mess
415 616 562 625 mmm—s
566 615 638 623 ww-
643 613 710 624 Μ»,
716 613 788 621 νινε,
792 613 831 621 νι-
835 612 862 620 ν.
866 612 938 620 sm
942 611 1013 620 m
1018 610 1088 619 §ssu
1092 611 1164 619 numu
1168 610 1238 618 mv*
1242 610 1254 618 ι
1260 610 1313 619 *nm
1319 610 1388 619 mm
1393 609 1464 618 sum

555 727 711 764 IPAQS
772 726 1035 761 amatam&

126 860 193 887 ΒΕ
225 857 448 887 JURIBUS
481 855 729 885 PRIVATIS
757 853 1150 883 EXTRANEORUM
1178 853 1231 880 IN
1256 850 1465 879 Bnnalo.

168 1108 194 1137 Ι.
228 1106 397 1145 Homines,
415 1105 511 1136 etiam
527 1106 561 1135 in
578 1109 662 1135 statu
677 1104 833 1145 naturali,
853 1106 874 1136 i.
896 1116 924 1136 e.
943 1103 1049 1136 sociali
1065 1102 1214 1146 quidem,
1234 1113 1341 1145 neque
1358 1108 1468 1133 tamen

124 1160 227 1199 civili,
248 1159 366 1202 singuli
383 1169 509 1202 semper
529 1158 569 1190 ad
584 1159 726 1202 singulos
742 1159 949 1200 referuntur,
967 1159 1118 1190 adversus
1139 1169 1218 1201 quos
1234 1157 1304 1202 jura
1319 1157 1467 1200 quaedam

121 1213 257 1254 habent,
279 1224 340 1244 nec
361 1212 428 1244 ulla
449 1213 689 1245 institutionum
713 1214 857 1246 civilium
877 1214 938 1245 alia
959 1213 1023 1244 fuit
1042 1224 1153 1251 causa,
1175 1217 1389 1254 praeterquam
1406 1223 1467 1243 ne—

122 1268 248 1299 cessitas
266 1267 408 1310 positivis
429 1267 554 1310 legibus
572 1267 684 1299 tuendi
703 1267 773 1311 jura
793 1274 826 1299 et
845 1267 945 1299 ossicia
961 1278 1000 1298 ex
1017 1265 1156 1297 naturali
1172 1265 1370 1308 privatorum
1387 1277 1466 1296 con-

121 1322 242 1354 ditione
263 1321 409 1353 oriunda.
439 1321 498 1352 Jus
518 1321 618 1364 igitur
639 1321 734 1354 civile
754 1323 918 1364 privatum
936 1321 1063 1352 nonnisi
1079 1320 1275 1351 sanctionem
1292 1319 1465 1362 quamdam

121 1376 289 1420 positivam
312 1375 391 1419 juris
415 1381 539 1406 naturae
563 1375 726 1416 continet3
758 1384 861 1418 quum
887 1386 905 1406 e
930 1380 1039 1406 contra
1067 1373 1118 1418 jus
1143 1372 1312 1416 publicum
1337 1374 1466 1405 nonnisi

121 1431 205 1461 inter
226 1429 431 1460 constitutam
453 1440 556 1471 remp.
579 1428 714 1473 ejusque
734 1428 876 1460 subditos
897 1439 1071 1472 exsurgere
1089 1428 1201 1471 possit,
1225 1427 1369 1470 adeoque
1393 1439 1465 1459 me—

121 1495 190 1515 ram
210 1483 356 1514 efformet
378 1482 535 1513 societatis
557 1482 658 1515 civilis
676 1484 950 1526 consequentiam.
979 1483 1062 1513 Hinc
1081 1482 1204 1512 homini
1227 1481 1376 1521 cuilibet,
1398 1482 1464 1514 sive

123 1538 202 1577 civi,
223 1538 288 1568 sive
303 1542 472 1576 extraneo,
492 1536 564 1582 jura
587 1537 751 1580 quaedam,
775 1537 892 1581 quibus
914 1536 1066 1570 adversus
1084 1536 1224 1579 privatos
1244 1536 1365 1575 utitur,
1381 1547 1465 1578 qua-

122 1598 217 1623 tenus
236 1591 391 1622 nimirum
415 1602 489 1622 cum
510 1591 574 1622 fine
599 1592 735 1624 civitatis
753 1591 917 1623 conciliari
938 1596 1080 1634 queunt,
1104 1590 1200 1621 etiam
1220 1590 1254 1620 in
1273 1595 1359 1621 statu
1377 1589 1464 1621 civili

121 1645 297 1677 necessario
325 1650 532 1688 competunt,
568 1656 747 1689 eorumque
771 1645 896 1689 legibus
922 1644 1177 1676 definiendorum
1212 1649 1245 1675 et
1276 1644 1307 1676 vi
1333 1643 1462 1687 publica

122 1699 317 1731 tuendorum
338 1698 479 1731 officium
509 1701 680 1742 imperanti
703 1707 750 1732 est
771 1701 974 1744 impositum3
1002 1698 1275 1743 quemadmodum
1300 1699 1333 1729 in
1363 1700 1462 1742 priori

124 1759 212 1795 parte
234 1765 267 1785 n.
287 1753 328 1785 V.
355 1755 550 1786 monuimus.

168 1839 208 1870 Π.
232 1839 288 1871 Illa
301 1847 408 1873 autem
423 1842 610 1885 imperantis
625 1843 723 1874 nostri
739 1841 889 1886 obligatio
902 1842 1008 1873 statim
1022 1851 1173 1872 enascens
1188 1845 1286 1883 atque
1301 1841 1460 1872 extraneis

124 1893 248 1936 copiam
267 1893 344 1925 facit
368 1895 507 1939 aliquam
530 1896 610 1940 juris
631 1896 820 1929 relationem
848 1907 922 1939 erga
944 1895 1058 1938 Belgas
1084 1894 1315 1936 contrahendi,
1342 1894 1460 1939 justam

123 1948 266 1979 continet
289 1959 431 1990 causam,
461 1962 540 1992 cur,
567 1952 592 1982 si
617 1951 791 1995 peculiare
810 1950 861 1994 jus
886 1949 1016 1993 aliquod
1040 1949 1222 1992 privatum,
1259 1960 1318 1981 seu
1344 1949 1457 1990 civile,

122 2002 282 2033 extraneis
302 2003 509 2035 constitutum
530 2016 594 2036 non
612 2006 729 2046 fuerit,
746 2005 916 2038 videantur
936 2004 1023 2047 leges
1042 2004 1081 2035 ad
1099 2003 1300 2047 singulorum
1320 2005 1405 2036 inter
1425 2015 1458 2035 se

122 2055 294 2089 utilitatem
318 2057 440 2091 civibus
457 2060 595 2102 scriptae,
613 2061 716 2093 ‘etiam
739 2060 888 2094 universe
909 2058 950 2090 ad
969 2065 1135 2091 extraneos
1151 2059 1330 2102 pertinere3
1353 2070 1456 2102 quum
