1747 2620
734 256 746 298 <
768 257 789 288 9
812 256 823 298 )

119 334 344 366 defunctorum
372 342 498 370 manes,
537 343 552 362 a
579 329 696 372 quibus
724 339 870 370 responsa
902 328 1067 370 petebant,
1102 327 1255 369 sepulcris
1284 327 1441 358 incuban-

119 393 166 419 tes
184 387 241 428 (1).
271 386 308 416 In
328 384 529 416 meridionali
551 384 632 414 Asiae
654 388 744 424 parte
768 381 831 424 jam
856 382 1033 423 antiquitus
1053 381 1198 411 Sinenses
1219 391 1327 411 omnes
1345 392 1442 422 supe-

119 440 231 471 rabant
258 438 397 470 colendis
422 437 578 480 majorum
609 435 764 466 manibus.
810 435 898 465 Idem
927 440 1047 464 constat
1076 434 1115 465 de
1143 433 1302 476 plerisque
1328 434 1443 465 veteris

119 493 199 524 Asiae
220 498 252 522 et
271 492 386 522 Africae
407 489 574 532 gentibus,
600 500 673 519 cum
694 488 810 530 quibus
825 489 908 518 inter
925 489 1071 530 antiquos
1085 487 1221 529 Europae
1236 486 1369 528 populos
1383 485 1443 516 hac

119 546 153 576 in
174 555 208 576 re
228 544 423 575 conveniunt
451 543 553 573 Graeci
577 548 609 573 et
632 542 763 572 Romani
786 541 853 583 (2);
888 540 975 583 quod
999 551 1073 571 sane
1095 551 1159 570 non
1185 539 1353 577 fecissent,
1383 539 1443 569 nisi

119 598 179 630 hoc
199 597 260 628 alte
280 598 314 627 in
332 607 443 627 eorum
461 595 619 639 mentibus
638 594 791 632 haesisset,
815 594 935 624 animos
951 594 1045 624 etiam
1068 598 1135 634 post
1152 593 1290 633 corporis
1310 597 1444 622 mortem

120 662 214 683 sensu
234 656 266 681 et
285 651 348 681 vita
371 660 436 680 esse
457 648 614 691 praeditos.
641 648 730 686 Quin
750 648 845 678 etiam
868 652 989 678 veteres
1009 646 1108 676 onmis
1129 646 1187 675 aevi
1215 645 1257 675 dii
1281 644 1320 675 ad
1345 655 1445 687 genus

120 705 299 735 humanum
324 707 470 744 poterant
493 701 625 738 referri,
651 712 747 742 quos,
774 706 941 742 postquam
963 699 1001 729 de
1025 698 1199 740 aequalibus
1217 699 1336 739 optime
1356 703 1446 727 erant

121 757 226 789 meriti
248 762 280 787 et
307 766 346 786 ex
369 756 428 785 hac
452 755 516 786 vita
540 754 755 791 decesserant,
782 752 874 783 cultu
899 751 1006 783 divino
1028 751 1143 793 posteri
1167 751 1325 792 prosecuti
1351 755 1445 788 sunt,

122 809 201 853 quid
221 808 308 839 aliud
329 808 407 846 rati,
442 807 503 837 nisi
526 812 660 836 mortem
683 816 748 835 non
772 805 939 836 interitum
960 815 1027 835 esse
1052 804 1156 835 omnia
1182 803 1366 842 tollentem,
1393 803 1447 834 sed

122 862 280 905 quandam
299 861 388 904 quasi
403 860 684 891 commutationem
705 857 800 890 vitae'?
825 857 938 899 Neque
958 857 1175 889 vetustissimae
1192 856 1254 887 illae
1271 855 1387 886 fabulae
1408 855 1447 886 de

123 916 206 947 Orco
233 921 264 945 et
288 914 400 957 Elysiis
424 913 559 954 campis,
589 910 706 953 quibus
730 911 856 953 piorum
883 911 997 941 animae
1022 910 1108 941 omni
1131 909 1301 951 voluptatis
1332 920 1449 951 genere

122 968 314 1000 fruebantur
323 990 331 1005 ‚
344 966 399 996 nos
410 965 556 996 dubitare
569 965 692 1003 sinunt,
705 964 783 1005 quin
794 963 900 994 haecce
914 964 1020 1005 opinio
1032 963 1188 993 altissimae
1203 963 1243 992 sit
1253 962 1381 1003 originis
1390 961 1448 1003 (3).

124 1020 204 1052 Nam
224 1019 309 1063 quod
331 1017 478 1049 nonnulli
499 1017 626 1055 dicunt,
650 1028 778 1047 omnem
801 1017 987 1048 Graecorum
1008 1016 1196 1058 religionem
1221 1027 1238 1046 a
1259 1015 1375 1057 poetis,
1396 1015 1450 1045 in-

78 1069 82 1072 ⁴
125 1074 235 1117 primis
254 1071 442 1103 ab'Hesiodo
457 1077 489 1101 et
502 1070 640 1100 Homero
660 1080 725 1100 esse
745 1070 851 1099 fictam
866 1069 927 1110 (4),
951 1069 1057 1100 minus
1073 1078 1146 1100 vere
1168 1067 1290 1098 dictum
1312 1067 1449 1098 videtur.

124 1127 193 1157 Non
213 1125 298 1155 enim
319 1121 469 1153 credibile
489 1127 551 1160 est,
573 1121 643 1151 illos
659 1123 766 1163 poetas
784 1127 817 1152 et
831 1122 977 1163 inprimis
997 1121 1189 1160 Homerum,
1211 1121 1268 1162 qui
1286 1131 1351 1151 suae
1372 1126 1451 1151 aeta-

122 1179 163 1210 tis
177 1187 278 1209 mores
296 1182 359 1206 tam
377 1180 524 1205 accurate
540 1173 747 1216 depingebat,
765 1175 888 1216 ignotos
910 1174 1029 1217 populo
1045 1173 1119 1204 deos
1132 1173 1336 1204 introducere
1353 1173 1451 1204 fuisse

123 1241 229 1270 ausos,
252 1229 304 1261 vel
323 1229 348 1259 si
369 1228 520 1267 fuissent,
541 1238 653 1258 eorum
674 1227 814 1257 carmina
835 1232 961 1258 tantum
982 1226 1133 1266 valuisse,
1155 1231 1192 1257 ut
1209 1225 1303 1268 plena
1321 1226 1359 1256 iis
1375 1225 1452 1257 fides

121 1283 305 1315 haberetur.
332 1282 490 1313 Praeterea
513 1292 579 1311 non
606 1286 653 1311 est
676 1281 795 1322 poetae,
820 1286 947 1311 mutare
974 1280 1093 1311 civium
1117 1279 1296 1321 opiniones,
1322 1279 1376 1309 sed
1399 1290 1452 1310 eos

122 1335 284 1379 sequendo
303 1335 440 1377 dirigere
457 1332 553 1364 simul
569 1339 601 1364 et
618 1344 741 1364 ornare.
763 1334 804 1364 Et
824 1333 942 1364 stabilis
961 1333 1015 1364 illa
1035 1333 1142 1376 opinio
1162 1333 1337 1375 permansit
1354 1338 1451 1375 atque

123 1402 198 1422 cum
218 1389 332 1420 seculis
352 1387 560 1429 aetatibusque
583 1386 751 1418 hominum
771 1387 978 1426 inveteravit,
1006 1397 1201 1429 quamquam
1226 1385 1390 1425 videmuS,
1415 1391 1453 1417 ut

125 1449 172 1474 est
189 1442 275 1485 apud
295 1441 459 1480 Tullium,
486 1446 605 1471 ceteras
629 1441 793 1482 opiniones
817 1441 903 1471 fictas
924 1446 1020 1483 atque
1040 1451 1135 1471 vanas
1158 1439 1369 1471 diuturnitate
1394 1450 1452 1470 ex·-

124 1496 271 1527 tabuisse.
289 1495 369 1533 Quis
386 1495 472 1525 enim
487 1494 784 1536 Hippocentaurum
800 1494 898 1525 fuisse
914 1499 970 1524 aut
985 1493 1174 1524 Chimaeram
1194 1492 1307 1535 putat?
1330 1493 1452 1531 Quaeve

126 1559 206 1580 anus
232 1554 296 1578 tam
317 1559 425 1578 excors
446 1548 583 1579 inveniri
604 1553 722 1590 potest,
746 1559 819 1591 quae
843 1548 913 1587 illa,
945 1558 1016 1590 quae
1041 1546 1201 1589 quondam
1225 1546 1310 1588 apud
1334 1546 1453 1576 inferos

129 1600 340 1632 credebantur
367 1606 532 1642 portenta,
570 1601 780 1631 extimescat?
822 1601 1020 1644 Opinionum
1046 1600 1132 1630 enim
1158 1604 1336 1630 commenta
1368 1598 1454 1629 delet

128 1654 209 1694 die53
228 1659 351 1684 naturae
371 1653 488 1697 judicia
509 1654 673 1685 confirmat
692 1654 751 1696 (5).
780 1654 841 1685 Sed
861 1665 902 1685 ne
921 1655 955 1685 in
976 1654 1025 1684 his
1043 1653 1165 1685 diutius
1185 1664 1362 1692 moremur,
1381 1653 1453 1683 satis

129 1717 279 1751 apparere
299 1707 472 1745 credimus,
494 1718 511 1737 a
527 1717 650 1738 summa
667 1707 742 1738 inde
759 1708 910 1738 memoria
929 1707 1050 1738 hancce
1069 1706 1108 1738 de
1124 1707 1305 1737 animorum
1321 1706 1454 1737 immor—

188 1820 232 1848 (ι)
247 1819 334 1850 Pomp.
358 1819 421 1842 Mela
437 1819 457 1841 l.
479 1821 501 1842 l.
522 1827 545 1842 c.
570 1819 595 1842 8.
623 1819 718 1842 Plinius
735 1820 766 1848 V,
786 1820 811 1843 8.

189 1859 232 1887 (2)
248 1858 355 1881 Romani
370 1858 539 1881 defunctorum
558 1859 651 1881 animos
669 1859 826 1889 appellabant
843 1859 906 1882 Deos
922 1860 1006 1883 Manes
1023 1859 1074 1882 Cic.
1091 1859 1120 1882 de
1134 1859 1196 1889 legg.
1215 1859 1235 1880 l.
1255 1860 1291 1881 11.
1308 1867 1331 1881 c.
1351 1867 1378 1889 95
1398 1860 1451 1882 vid.

130 1903 153 1921 ει
173 1898 278 1928 August.
297 1898 325 1920 de
341 1898 439 1921 civitate
454 1898 500 1921 Dei
517 1899 538 1921 1.
561 1898 622 1922 Vn.
640 1906 663 1921 c.
683 1900 722 1921 26.
745 1899 786 1922 Cf.
809 1900 911 1922 omnino
927 1900 955 1922 de
973 1900 1037 1922 hisce
1058 1899 1162 1922 Meiners
1182 1899 1317 1929 geschichte
1332 1900 1398 1925 ,aller
1416 1892 1455 1924 *xe-

129 1938 249 1969 ligionen,
268 1939 279 1959 l
294 1938 370 1966 band,
392 1939 428 1960 111
449 1938 525 1967 buch,
544 1938 614 1961 abth.
635 1932 658 1961 1⁴.
678 1943 702 1962 et
722 1940 848 1969 scriptores
866 1947 926 1970 quos
947 1938 1042 1961 laudat.

191 1979 235 2006 (3)
251 1977 288 2000 Ex
304 1977 388 2000 iisdem
402 1982 509 2000 veterum
529 1978 623 2008 mythis
638 1978 746 2008 disputat
759 1979 866 2002 Socrates
880 1978 906 2000 in
919 1977 1040 2000 AEschinis
1053 1976 1178 2007 Axiocho,
1196 1985 1251 2007 cap.
1266 1985 1315 2008 19-
1326 1985 1354 2000 22
1366 1977 1434 2000 alibi.

189 2018 233 2046 (4)
249 2017 307 2039 Haec
322 2021 346 2039 εἰ
361 2016 479 2039 Herodoti
497 2017 546 2040 suit
563 2017 695 2046 sententia,
716 2018 771 2042 vid.
791 2018 812 2042 l.
837 2019 873 2040 11.
893 2025 915 2040 c.
936 2017 975 2039 53.

188 2058 233 2087 (5)
248 2057 299 2080 Cic.
322 2056 350 2080 de
369 2061 423 2080 nat.
444 2056 510 2079 deor.
529 2056 549 2080 l.
570 2058 606 2079 11.
625 2064 648 2079 e.
665 2065 690 2079 2.

1065 2096 1080 2113 2
