1747 2620
902 255 1038 297 (114)

299 341 317 360 ))
335 329 387 361 vix
410 330 636 373 percipiendus
659 336 691 361 et
713 329 842 374 jamjam
864 330 1081 361 extremitates
1106 329 1247 372 frigidae,
1273 341 1339 361 uno
1362 329 1494 362 demum
1518 330 1631 370 verbo,

299 384 368 415 »iu
396 396 560 415 summum
591 385 699 415 mortis
726 383 907 427 periculum
936 383 1132 416 versabatur.
1166 383 1317 415 Protinus
1344 385 1462 427 Larrey
1491 384 1635 417 vulneris

298 449 318 469 ))
334 437 415 469 labia
445 439 571 469 sibimet
597 438 721 482 junxit,
748 437 860 469 eodem
886 437 979 468 modo
1006 449 1042 468 ac
1067 437 1164 480 priori
1189 438 1275 478 vice,
1299 443 1331 469 et
1358 437 1508 470 felicioris
1536 450 1632 470 cura—

299 493 428 524 »tionis
457 493 571 523 fiducia
603 492 729 523 ductus.
764 492 1020 534 Symptoznatum
1051 502 1233 533 progressus
1259 492 1389 523 cohibiti
1414 504 1488 524 mox
1521 492 1631 524 fuere:

299 558 317 577 ))
334 558 435 589 quum
457 547 615 578 sauciatus
633 545 774 577 multum
795 545 958 587 sanguinis
979 546 1144 585 amisisset,
1165 557 1223 588 per
1243 546 1364 589 aliquot
1384 546 1498 578 diesin
1519 546 1632 578 eodem

299 612 317 631 >³
333 606 417 630 statu
440 600 571 639 mansit,
593 611 658 642 quo
679 599 778 642 spatio
801 598 921 640 elapso,
945 599 1059 629 sensim
1082 599 1264 642 sensimque
1279 611 1349 643 spes
1364 600 1492 632 elucere
1512 600 1633 642 incepit

298 659 365 684 »et
393 653 521 685 tandem
553 665 651 693 cura,
683 654 794 696 quies,
825 652 1044 694 idoneumque
1074 653 1241 695 regimen,
1271 653 1376 696 ipsum
1405 660 1475 696 post
1502 664 1632 696 gravem

298 713 365 738 »et
384 707 518 751 longum
542 708 688 751 quidem,
714 718 780 738 non
803 713 910 738 tamen
932 706 1071 738 arduum
1092 707 1257 746 morbum,
1280 708 1407 738 sanitati
1431 706 1632 739 restituere.”

297 761 333 792 In
354 761 466 793 eodem
488 773 583 805 opere
604 762 664 793 alia
689 762 795 793 adhuc
820 761 956 804 legenda
980 767 1027 792 est
1052 761 1244 801 observatio,
1271 761 1380 793 militis
1406 761 1527 793 scilicet
1548 762 1632 793 inter

297 816 442 858 quintam
460 822 491 847 et
506 822 627 847 sextam
646 822 762 847 costam
780 816 924 847 dextram
940 816 1088 856 sauciati3
1106 815 1193 846 laesio
1209 815 1317 847 aderat
1331 815 1509 858 pulmonis,
1525 814 1633 846 fluxus

297 870 460 911 sanguinis
484 881 542 912 per
566 869 709 902 vulneris
731 870 906 909 orificium,
935 876 1028 912 sputa
1054 871 1246 913 sanguinea,
1272 869 1387 913 pallor,
1414 869 1632 913 lypothymia,

297 924 597 970 anxietasktamen
628 924 739 956 eodem
766 923 876 962 modo,
902 924 1063 967 similique
1088 935 1124 955 ac
1152 924 1186 954 in
1212 923 1347 955 casubus
1377 922 1632 966 praecedentibus

295 977 507 1009 medicatione
528 978 658 1009 omnino
680 989 776 1009 sanus
800 977 910 1009 evasit.

339 1031 466 1062 Possem
484 1032 585 1063 multa
601 1031 708 1063 adhuc
722 1032 900 1073 conscripta
917 1041 1064 1069 narrare,
1080 1029 1136 1061 sed
1150 1029 1232 1061 illud
1247 1041 1520 1073 supervacaneum
1537 1029 1633 1069 duxi,

296 1096 398 1127 quum
410 1086 626 1128 praecedentes
642 1097 732 1117 casus
743 1096 782 1116 ex
794 1084 1001 1116 Celeberrimi
1016 1084 1166 1127 Chirurgi
1181 1086 1305 1128 scriptis
1321 1085 1518 1128 deprompti,
1537 1090 1634 1127 atque

296 1138 542 1169 clarissimorum
563 1138 716 1170 Virorum
731 1139 897 1169 sententiae
918 1149 985 1169 rem
1006 1139 1079 1169 satis
1100 1138 1272 1181 explicent.
1300 1138 1428 1182 Absque
1449 1139 1514 1170 ulla
1538 1138 1635 1170 dubi—

295 1193 414 1223 tatione
439 1204 605 1235 possumus
633 1204 650 1223 e
676 1192 834 1235 praedictis
859 1192 1070 1231 concludere,
1103 1192 1237 1224 vulnera
1263 1192 1455 1235 pulmonum
1488 1193 1635 1235 quamvis

296 1246 437 1277 multum
459 1247 622 1289 sanguinis
642 1246 820 1288 largiantur
837 1257 901 1276 non
917 1257 1043 1288 semper
1057 1245 1187 1276 lethalia
1207 1257 1272 1276 esse
1293 1252 1325 1276 et
1341 1257 1423 1288 saepe
1438 1247 1635 1277 sanationem

295 1300 480 1339 admittere,
497 1299 536 1331 ab
551 1300 605 1331 illo
623 1301 797 1343 praesertim
816 1305 975 1342 tempore,
992 1311 1056 1342 quo
1070 1300 1189 1342 Larrey
1209 1311 1324 1331 novam
1342 1299 1490 1330 medendi
1508 1300 1636 1331 metho-

296 1354 391 1394 dum,
413 1354 637 1398 (junxtionem
660 1353 781 1385 scilicet
796 1353 939 1386 vulneris
957 1352 1155 1395 labiorum),
1178 1353 1359 1396 proposuit:
1378 1353 1469 1384 istius
1493 1353 1635 1385 methodi

295 1409 476 1451 praestantia
490 1408 552 1452 jam
573 1409 718 1440 omnium
734 1409 766 1439 in
783 1408 980 1439 confessione
996 1413 1058 1447 est,
1074 1407 1218 1451 adeoque
1235 1408 1299 1440 visa
1315 1414 1361 1439 est
1375 1408 1474 1450 priori
1489 1409 1634 1451 superior

297 1468 334 1492 ut
350 1474 438 1493 nunc
454 1463 605 1505 temporis
624 1462 775 1505 Chirurgi
796 1462 904 1493 eximii
922 1461 1083 1500 Pelletan,
1101 1462 1187 1493 Petit
1202 1467 1235 1492 et
1250 1461 1354 1504 Boyer
1374 1462 1474 1504 ipsam
1491 1461 1637 1504 ampleca

297 1521 406 1547 tentur
419 1516 477 1558 (1).
503 1518 605 1547 Antea
624 1517 711 1547 enim
732 1517 849 1548 vulnus
868 1517 959 1547 hians
976 1516 1184 1559 linquebatur
1200 1527 1241 1547 ne
1261 1517 1390 1558 sanguis
1406 1516 1440 1547 in
1456 1516 1633 1548 Thoracem

297 1569 536 1607 effumJeretur;
559 1582 750 1613 semperque
764 1572 869 1614 ipsum
888 1569 1084 1612 detergendo
1104 1570 1347 1614 haemorrhagiae
1365 1570 1470 1612 potius
1483 1569 1635 1602 favebant

296 1623 431 1663 medici,
459 1624 587 1655 nullum
617 1624 886 1667 impedimentum
915 1624 1037 1667 liquido
1065 1624 1208 1656 effluenti
1238 1623 1479 1667 opponebatur3
1506 1624 1634 1666 sanguis

297 1678 381 1708 circa
406 1678 535 1708 arterias
561 1678 648 1709 laesas
673 1678 845 1721 coagulum
865 1678 1019 1717 formare,
1041 1679 1187 1722 ipsasque
1209 1678 1358 1710 obturare
1383 1677 1470 1709 haud
1491 1683 1632 1721 poterat3

297 1731 375 1762 dum
396 1743 484 1763 nunc
505 1742 522 1762 e
543 1738 652 1763 contra
675 1732 901 1776 conjunctione
922 1733 1022 1776 plagae
1042 1734 1241 1776 marginum,
1260 1744 1333 1764 vasa
1348 1733 1531 1776 sanguifera
1548 1738 1633 1764 secta

298 1785 531 1828 quodammodo
549 1786 750 1826 cohibemus,
773 1787 899 1819 cuidam
915 1789 1067 1831 pressioni
1089 1787 1307 1818 submittimus
1321 1792 1354 1818 et
1368 1786 1634 1830 haemorrhagiam

298 1839 500 1882 aliquomodo
522 1841 762 1882 compescimus.
789 1841 957 1885 Quidquid
975 1841 1007 1873 id
1026 1848 1088 1881 est,
1111 1841 1245 1873 effectus
1263 1840 1361 1885 hujus
1382 1840 1532 1872 medendi
1547 1841 1634 1872 modi

299 1894 367 1924 fere
398 1905 523 1937 semper
555 1894 663 1925 felices
695 1895 795 1938 ipsius
826 1895 997 1926 efficaciam
1031 1895 1268 1935 demonstrant,
1304 1901 1336 1926 et
1362 1895 1495 1926 fortisan
1521 1894 1636 1935 multi,

300 1953 471 1991 antequam
492 1948 525 1978 in
547 1960 641 1979 usum
667 1955 797 1980 vocatus
825 1949 904 1989 fuit,
930 1950 1098 1992 perierunt
1122 1961 1186 1981 non
1216 1955 1279 1980 tam
1305 1960 1323 1981 e
1349 1949 1505 1989 vulnere,
1536 1960 1635 1992 quam

300 2001 430 2044 quidem
452 2013 491 2033 ex
511 2002 635 2044 ignota,
657 2008 713 2034 aut
733 2004 759 2034 si
781 2010 854 2035 nota
879 2004 995 2044 fuerit,
1017 2015 1055 2035 ex
1077 2003 1193 2048 rejecta
1212 2003 1272 2034 hac
1293 2002 1454 2035 methodo.

352 2115 396 2145 (ι)
414 2115 532 2139 Videatur
548 2116 653 2147 Larrey,
673 2125 742 2147 opere
756 2117 811 2147 eit,
832 2122 890 2141 tom.
909 2120 941 2141 Η.
964 2126 1017 2149 pag.
1040 2119 1089 2142 158.
