1747 2620
697 269 710 313 (
735 272 773 302 81
801 271 813 312 >

83 351 190 376 motus
212 351 258 376 sat
280 344 403 377 validus
423 350 455 376 et
476 343 726 388 haudquaquam
751 345 952 387 interruptus
974 345 1248 389 Diaphragmatis,
1271 346 1366 378 efficit
1387 352 1424 378 ut

86 399 227 432 vulneris
243 399 349 430 hiatus
364 399 479 429 sensim
494 398 716 441 paulatimque
738 399 837 442 major
859 405 891 430 et
906 399 1041 443 amplior
1060 401 1127 440 fiat,
1145 401 1265 431 nedum
1282 407 1422 433 sanetur.

131 452 220 491 Quid
237 452 276 483 de
297 464 429 483 crurum
450 453 530 494 septi
553 453 720 484 transversi
738 453 926 485 vulneribus
945 454 1074 486 dicam?
1099 454 1223 486 Suntne
1243 455 1339 486 etiam
1360 461 1425 487 tam

87 506 236 550 gravibus
255 506 519 550 symptomatibus
535 518 569 538 ac
585 513 706 539 caeterae
722 514 826 550 partes
841 508 977 551 stipata?
993 508 1118 540 Suntne
1139 509 1177 540 ad
1197 508 1368 549 illethalia,
1385 521 1425 540 an

86 560 126 592 ad
153 560 282 591 lethalia
313 559 448 592 vulnera
477 560 672 592 referenda?
704 562 754 593 Ad
774 561 904 593 lethalia
931 574 1060 606 prorsus
1088 564 1218 594 omnino
1242 569 1318 594 sunt
1343 563 1427 594 rele—

86 615 211 658 ganda,
236 614 501 658 periculosissima
526 622 617 655 sunt,
647 627 754 659 neque
779 617 811 647 in
839 628 877 648 eo
899 623 945 648 est
969 629 1027 648 cur
1049 618 1221 657 miremur3
1252 618 1285 648 in
1311 616 1427 649 vicinia

86 670 173 701 enim
200 674 368 711 ponuntur
393 669 662 700 nobilissimorum
689 681 900 712 organorum:
929 670 1074 712 undique
1100 671 1259 701 intestinis
1287 671 1429 702 circum-

86 723 219 763 dantur,
231 729 277 763 et,
294 734 351 766 per
368 734 440 766 quae
457 725 541 755 iuter
556 735 589 754 se
606 724 796 767 relinquunt
812 725 927 766 spatia,
944 725 1109 755 transitum
1127 722 1288 767 praebent,
1305 724 1428 763 Aortae‚

87 788 178 810 venae
200 789 285 809 cavae
308 777 455 808 inferiori
473 783 505 808 et
526 789 652 821 azygos,
675 777 789 808 ductui
805 778 1021 818 Thorachico,
1044 785 1076 809 et
1095 779 1303 822 OEsophago3
1323 780 1429 810 nervis

86 832 389 875 pneumogastricis,
406 830 518 875 majori
539 836 571 862 e‘t
592 831 708 862 minori
729 831 952 874 splanchnic03
976 838 1024 872 et,
1044 831 1130 875 quod
1150 834 1350 876 praecipuum
1366 839 1428 872 est,

87 885 330 917 circumdantur
360 885 435 916 retis
464 885 604 916 adinstar
635 891 745 916 centro
775 887 986 928 epigastrico,
1018 886 1117 930 plexu
1147 887 1268 918 scilicet
1296 887 1429 926 soleari,

87 939 180 984 cujus
202 939 336 972 vulnera
360 940 531 970 dirissimos
554 940 689 971 effectus
714 946 784 983 post
809 952 842 972 se
867 941 994 972 trahere
1010 934 1156 982 debent,
1181 942 1360 973 innumeris
1381 941 1431 972 his

88 993 237 1025 omnibus
256 994 381 1036 organis
401 994 443 1024 ita
460 993 720 1033 circumdantur,
743 1000 781 1026 ut
803 995 934 1026 omnino
956 995 1025 1026 fieri
1045 1001 1204 1039 nequeat,
1226 1001 1264 1026 ut
1282 996 1348 1038 ipsa
1373 995 1431 1026 ista

88 1060 182 1080 crura
200 1049 385 1079 saucientur
398 1047 517 1090 absque
528 1059 565 1079 eo
582 1055 619 1079 ut
636 1048 787 1088 laedatur,
807 1061 872 1079 non
887 1048 989 1080 solum
1006 1060 1110 1080 unum
1128 1060 1146 1080 e
1164 1049 1325 1092 praedictis
1338 1059 1432 1091 orga-

86 1102 153 1141 nis,
182 1101 237 1132 sed
263 1107 295 1132 et
317 1101 433 1132 horum
460 1101 571 1144 plura,
597 1102 685 1144 atqui
712 1102 830 1134 vulnus
855 1103 1056 1146 singulorum
1083 1103 1213 1134 illorum
1239 1114 1375 1146 Olganol
1378 1115 1433 1134 um

36 1166 39 1169 ·
86 1154 206 1186 lethale
229 1160 292 1194 est,
314 1165 390 1198 eigo
410 1167 428 1185 a
447 1155 547 1197 p1iori
568 1154 702 1186 lethales
721 1161 797 1187 sunt
820 1155 887 1187 istae
907 1156 1009 1199 plagae
1026 1168 1098 1200 quae
1115 1163 1235 1200 piaeter
1254 1157 1309 1188 has
1327 1162 1433 1199 partes

87 1209 345 1252 Diaphragmatis
368 1220 463 1240 crura
483 1208 637 1241 afficiunt.

131 1263 266 1306 Septurn
288 1268 392 1306 potest
411 1263 507 1294 etiam
532 1262 689 1294 contundi
708 1269 741 1294 et
759 1262 829 1294 haec
849 1264 980 1306 quidem
1002 1262 1146 1295 contusio
1167 1270 1232 1295 tam
1248 1264 1352 1307 gravis
1367 1275 1433 1296 esse

88 1323 212 1361 potest,
248 1323 286 1348 ut
320 1317 467 1359 quamvis
500 1328 566 1347 non
602 1317 773 1359 conspicua
809 1318 974 1361 sanguinis
1009 1330 1108 1349 massa
1148 1317 1265 1349 exinde
1302 1317 1433 1357 effluat,

88 1377 225 1404 mortem
241 1377 349 1402 tamen
367 1382 476 1402 secum
496 1370 582 1402 ferre
603 1371 723 1411 valeat3
745 1371 832 1403 illius
854 1373 942 1404 enim
962 1374 1110 1405 meminit
1129 1373 1274 1404 Bohnius
1287 1373 1333 1415 (1)
1356 1372 1434 1403 facti

89 1424 256 1470 cujusdam
280 1424 319 1455 ab
338 1424 441 1455 amico
457 1435 515 1455 suo
530 1423 589 1455 sibi
600 1424 763 1456 translati:
782 1425 909 1469 juvenis
924 1427 1045 1458 scilicet
1063 1428 1120 1470 qui
1139 1433 1330 1470 prostratus,
1347 1426 1434 1471 jactu

89 1478 211 1522 globuli
233 1478 348 1510 nivalis
372 1478 406 1509 in
431 1478 601 1521 epigastrio
630 1484 779 1522 recepto,
808 1481 955 1522 protinus
979 1481 1155 1513 exstinctus
1180 1484 1244 1522 est;
1274 1481 1374 1524 ipsius
1398 1481 1434 1512 in

89 1533 243 1565 cadavere
263 1532 347 1564 nihil
366 1538 501 1576 ruptum
526 1532 724 1565 violatumve
744 1533 925 1566 videbatur.

135 1586 293 1626 Quaenam
317 1587 416 1629 igitur
439 1587 596 1618 sententia
623 1586 757 1618 ferenda
782 1593 828 1618 est
853 1587 893 1618 de
914 1587 1162 1631 diaphragmatis
1185 1586 1360 1621 vulnerum
1384 1588 1435 1620 le-

90 1640 236 1671 thalitate
247 1640 263 1671 12
282 1640 372 1671 Hanc
387 1651 428 1671 ex
442 1640 605 1683 praedictis
623 1652 791 1684 possumus
807 1653 1000 1684 proponere:
1018 1642 1151 1674 vulnera
1168 1642 1433 1685 diaphragmatis,

89 1705 162 1737 quae
185 1694 266 1725 illud
287 1699 396 1725 secant
415 1693 638 1725 tantummodo
652 1700 692 1725 'et
713 1706 778 1726 non
801 1695 968 1738 perforant
988 1701 1064 1727 sunt
1084 1696 1268 1738 gravissima
1290 1702 1323 1727 et
1346 1697 1435 1739 peri—

90 1748 214 1788 culosa,
240 1747 326 1779 idem
352 1748 526 1780 dicendum
553 1748 592 1780 de
613 1749 675 1780 illis
695 1760 768 1793 quae
793 1761 894 1793 prope
920 1749 1020 1792 hujus
1045 1750 1084 1781 ad
1105 1756 1204 1781 costas
1226 1751 1434 1781 insertionem

90 1802 300 1846 infliguntur,
323 1801 459 1835 vulnera
479 1803 586 1834 omnia
601 1814 673 1846 quae
688 1803 767 1835 huic
782 1803 972 1836 inferuntur
988 1809 1034 1844 et,
1053 1814 1095 1836 ne
1111 1803 1178 1846 ipsa
1197 1802 1328 1846 quidem
1345 1809 1434 1846 parte

90 1867 217 1887 carnosa
227 1866 359 1899 ,neque
374 1856 449 1899 ipsis
465 1855 610 1901 ejusdem
625 1857 774 1890 cruribus
789 1858 947 1902 exceptis,
963 1869 1090 1901 semper
1104 1868 1163 1900 per
1175 1867 1223 1897 se,
1239 1857 1433 1900 plerumque

91 1908 233 1941 absolute
257 1909 386 1941 lethalia
407 1916 484 1942 sunt
504 1910 540 1950 (2
527 1911 564 1954 ³).

152 2025 185 2055 (1)
202 2025 237 2048 De
253 2026 437 2049 renunciatione
452 2026 596 2050 vulnerum.
618 2026 676 2058 Pag.
693 2027 746 2057 275.

152 2066 184 2096 (2)
202 2067 307 2096 Mahou,
324 2075 359 2090 m.
374 2067 398 2090 d.
407 2071 487 2097 ,tom-
501 2069 537 2091 ΙΙ.
552 2076 610 2099 pag.
625 2076 679 2098 1¹7·
698 2067 807 2096 Alberti,
819 2074 877 2098 pag.
892 2066 947 2089 530.
966 2065 1083 2097 Melzger‚
1095 2073 1149 2096 pars
1162 2067 1199 2089 11.
1214 2066 1255 2089 ch.
1270 2067 1294 2088 4.
1308 2073 1362 2096 pag.
1376 2066 1428 2089 142.

91 2105 180 2137 Percy,
199 2107 260 2131 dict.
281 2107 322 2131 des
337 2107 440 2132 sciences
453 2108 519 2132 me'd.
530 2126 537 2139 ‚
556 2113 605 2133 art.
623 2108 793 2140 diaphragme.
819 2107 939 2138 Bohuius,
958 2115 1015 2139 pag.
1034 2107 1089 2138 274
1110 2107 1213 2137 Fodelre‘,
1232 2114 1288 2138 pag.
1303 2097 1381 2130 3585*

1094 2147 1103 2165 1
1115 2148 1125 2166 1
