1747 2620
712 244 827 286 (25)

112 331 274 353 summum
292 317 477 361 imperium·;
502 317 685 360 Principem
705 327 780 349 vero
800 327 865 348 non
886 327 951 348 esse
973 319 1032 349 nisi
1055 319 1166 362 populi
1185 321 1433 362 mandatarium,

112 375 169 417 qui
194 384 235 404 ex
259 372 481 415 procuratione
506 377 633 413 accepta
661 376 809 402 exerceat
834 370 984 413 quidem,
1013 373 1143 403 nomine
1169 374 1302 416 populi,
1331 375 1435 418 aliqua

111 426 238 469 imperii
258 424 344 467 jura,
366 435 479 457 verum
503 424 599 466 possit
619 434 677 466 pro
697 422 875 454 mandantis
895 423 1023 455 arbitrio
1039 436 1056 455 a
1076 425 1262 468 magistratu
1279 429 1433 468 amoveri3

111 480 190 522 quin
213 479 297 517 imo,
329 478 353 508 si
379 477 518 520 populus
543 476 685 520 jusserit,
718 475 833 507 deduci
855 477 889 506 in
913 478 1162 517 accusationem,
1185 484 1217 509 et
1241 479 1327 521 quod
1348 480 1436 512 dictu

110 531 322 569 horrendum,
340 530 379 561 ad
394 529 588 572 supplicium
603 529 681 560 (lari.
704 528 809 567 Quam
826 529 955 571 quidem
972 529 1146 561 doctrinam
1165 531 1330 574 publicum
1349 533 1436 564 ordi-

110 595 185 616 nem
200 583 346 615 funditus
360 589 556 615 evertentem
567 606 576 622 ,
592 582 631 613 ab
647 581 794 613 omnibus
805 606 813 621 ,
833 581 949 624 quibus
964 593 1071 613 rerum
1088 583 1289 626 publicarum
1303 586 1436 617 felicitas

110 648 195 669 curae
218 636 369 679 cordique
389 642 449 676 est,
471 635 694 666 alienissimam
715 645 780 665 esse
801 635 935 665 firmiter
953 646 1138 677 persuasum
1154 636 1264 668 habeo.
1285 638 1436 681 Sequitur

110 696 217 721 tamen
237 689 291 720 illa
311 695 439 732 sponte,
462 700 522 720 nec
540 688 687 721 evitanda
710 688 912 727 necessitate,
934 698 972 718 ex
988 689 1144 731 principio
1164 690 1239 729 isto,
1263 692 1435 734 populum,

109 753 311 786 quaecunque
335 743 375 773 sit
397 753 506 774 rerum
526 741 728 785 publicarum
750 741 869 779 forma,
896 752 1077 783 supremam
1102 753 1226 785 semper
1248 751 1435 786 potestatem

107 795 237 828 hahere.
266 796 404 835 Verum,
423 807 516 838 rogo,
538 796 576 826 A.
596 795 653 834 H.,
674 794 831 837 quomodo
852 794 921 825 fieri
941 795 1050 836 possit,
1072 801 1124 834 ut,
1145 797 1290 838 quamvis
1308 798 1435 830 Monar-

107 849 198 880 chica
223 848 274 882 vel
300 849 519 880 Aristocratica
548 859 657 879 rerum
684 847 885 889 publicarum
907 847 1009 878 forma
1031 849 1241 880 conventione
1257 851 1298 881 sit
1318 853 1436 883 consti-

107 907 193 940 tuta,
212 912 374 932 summum
392 907 501 931 tamen
515 901 689 942 imperium
706 900 792 941 apud
807 899 962 941 populum
979 906 1120 939 maneat,
1137 902 1192 943 qui
1206 913 1248 933 ne
1261 902 1300 933 ab
1314 905 1436 947 origine

110 954 241 996 quidem
269 954 350 984 illud
377 952 517 983 habuit?
546 952 642 990 Quod
663 953 749 983 enim
769 952 808 983 ab
829 953 950 994 origine
972 953 1110 995 populus
1137 965 1202 985 non
1231 955 1343 987 habuit
1359 981 1368 996 ,
1403 958 1435 989 id

111 1007 254 1049 profecto
271 1016 378 1048 neque
403 1005 540 1036 alienare
560 1007 682 1048 potuit,
702 1016 808 1047 neque
828 1006 976 1036 retinere.
997 1006 1171 1048 Imperium
1193 1008 1307 1050 igitur,
1328 1011 1353 1040 si
1368 1012 1434 1052 ipsa

111 1060 246 1092 civitatis
272 1059 362 1089 initia
395 1063 537 1100 spectas,
568 1069 675 1100 neque
707 1059 805 1100 magis
835 1059 1008 1097 universis,
1043 1070 1139 1101 quam
1165 1062 1224 1092 uni
1248 1062 1434 1104 pluribusve

108 1112 310 1154 competivit3
337 1111 391 1142 sed
415 1110 514 1141 libero
539 1112 656 1142 civium
680 1122 854 1149 consensu,
881 1111 932 1143 vel
953 1112 1111 1155 Principi,
1138 1113 1189 1144 vel
1212 1116 1433 1157 optimatibus,

109 1165 161 1198 vel
185 1164 303 1207 populo
322 1164 478 1195 tributum
498 1169 561 1203 est3
582 1170 678 1206 atque
699 1163 777 1195 adeo
801 1164 849 1203 id,
869 1175 933 1206 quo
955 1163 994 1196 ab
1014 1165 1135 1207 origine
1153 1167 1242 1198 nulla
1267 1168 1435 1202 fruebatur

109 1228 257 1261 persona,
279 1217 488 1249 conventione
509 1223 655 1247 creatum
675 1222 722 1247 est
743 1223 775 1247 et
795 1218 1021 1261 constitutam.
1046 1219 1172 1261 Itaque,
1193 1221 1218 1251 si
1240 1221 1322 1253 cives
1342 1230 1434 1265 pacto

109 1270 342 1303 fundamentali
361 1269 562 1301 condiderint
578 1270 808 1308 Monarchiani,
829 1271 980 1312 Princeps
994 1272 1106 1314 populi
1126 1273 1259 1315 imperio
1277 1275 1433 1308 obnoxius

109 1334 175 1355 esse
194 1323 323 1366 nequit,
339 1323 402 1353 ‘nisi
424 1323 540 1365 ipsam,
562 1334 635 1365 quae
655 1329 762 1354 tamen
781 1323 906 1354 civibus
931 1323 1085 1365 placuisse
1105 1327 1260 1358 censenda
1283 1334 1345 1368 est,
1363 1330 1434 1361 Mo-

108 1376 271 1408 narchiam
290 1381 434 1407 evertere
451 1376 538 1408 velis.
555 1376 722 1416 Similiter,
740 1378 764 1407 si
783 1378 867 1409 cives
882 1377 1132 1409 Democraticam
1146 1382 1310 1412 sanxerint
1324 1393 1430 1414 rerum

108 1430 309 1473 publicarum
338 1429 474 1460 formam
488 1453 496 1468 ‚
532 1430 670 1472 populus
702 1429 823 1461 nullius
856 1430 994 1461 hominis
1018 1434 1164 1474 potestati
1192 1433 1336 1466 subditus
1365 1447 1432 1468 esse

110 1488 229 1525 potest3
254 1481 307 1513 sed
325 1493 389 1512 non
412 1482 471 1512 nisi
493 1482 598 1513 Deum
619 1484 759 1526 agnoscit
780 1483 986 1525 superiorem.

155 1535 235 1574 Quae
255 1534 383 1578 quidem
399 1535 571 1578 principia,
592 1535 667 1567 licet
682 1537 842 1569 verissima
858 1543 953 1579 atque
968 1537 1008 1568 ad
1022 1538 1174 1570 tuendam
1193 1551 1301 1573 rerum
1321 1542 1431 1585 publi-

111 1600 220 1621 carum
238 1588 371 1620 salutem
391 1589 529 1620 maxime
545 1589 657 1621 idonea
678 1590 756 1629 sint,
779 1590 986 1622 vehementer
1000 1597 1106 1623 tamen
1127 1604 1144 1624 a
1167 1595 1329 1626 nonnullis
1348 1602 1430 1628 tam-

111 1653 206 1685 quam
221 1652 351 1673 erronea
366 1647 462 1684 atque
477 1642 516 1673 ad
531 1642 754 1675 destruendam
766 1645 885 1676 civium
900 1644 974 1675 libe1
983 1651 1078 1676 tatem
1093 1647 1238 1688 proxime
1254 1650 1429 1691 excogitata

111 1695 324 1726 diffamantur.
343 1695 376 1725 Si
389 1695 566 1727 secundum
582 1702 630 1736 te,
649 1696 836 1740 obstrepunt
849 1697 1035 1738 adversarii,
1050 1699 1083 1730 in
1099 1699 1280 1732 Monarchia
1295 1709 1430 1745 potestas

110 1760 256 1791 suprema
279 1760 343 1780 non
371 1751 522 1792 competit
543 1750 664 1783 civibus
688 1751 859 1790 universis,
889 1762 996 1794 neque
1015 1752 1167 1796 Princeps
1188 1752 1364 1787 censendus
1384 1764 1430 1797 est

111 1801 222 1845 populi
243 1801 457 1834 mandatarius
472 1826 480 1842 ‚
508 1803 565 1845 qui
591 1803 689 1846 liujus
712 1805 840 1836 nomine
868 1811 901 1836 et
925 1804 996 1849 jure
1025 1806 1186 1839 civitatem
1211 1808 1428 1851 administret,

110 1855 344 1897 imperiumque
366 1855 434 1899 ejus
463 1857 650 1888 auctoritate
675 1865 841 1899 exerceat3
868 1870 974 1890 nonne
1004 1865 1082 1891 tunc
1099 1861 1183 1892 cives
1201 1861 1334 1905 subjecti
1354 1871 1429 1896 sunt

110 1908 296 1949 Principum
326 1907 454 1940 arbitrio
480 1909 588 1941 nullis*
610 1910 764 1942 limitibus
792 1912 1057 1955 circumscripto?
1093 1913 1206 1945 Nonne
1234 1916 1369 1958 superba
1396 1924 1428 1949 et

109 1959 300 1990 intolerabili
321 1960 521 1993 vexabuntur
540 1962 664 2005 Regum
686 1963 923 1995 dominatione?
945 1964 1058 1996 Nonne
1079 1977 1136 2008 pro
1155 1966 1300 2000 libertate
1323 1970 1424 2009 civili,

107 2023 206 2054 quam
231 2011 356 2043 condita
377 2013 537 2056 republica
557 2016 788 2058 quaesiverunt,
813 2023 1002 2060 perpetuam
1026 2017 1190 2051 habebunt
1214 2022 1426 2054 servitutem?

1122 2074 1144 2111 4
