1747 2620
735 245 849 289 (39)

120 320 239 352 incolas
264 332 300 352 ac
324 321 508 364 peregrinos
531 321 639 352 stricte
663 320 707 352 sic
734 320 833 352 dictos
864 320 1071 361 faciendum,
1098 322 1252 364 evitasse3
1284 325 1369 367 quod
1396 325 1459 369 jam

119 373 347 416 explicandum
365 380 421 406 est.
440 374 602 407 Nimirum
620 375 731 406 statuit
746 374 828 406 iilud
844 376 1009 418 sequentia
1025 376 1198 419 principia,
1217 378 1321 420 quoad
1338 377 1459 422 jurium

120 427 263 459 civilium
289 440 383 460 usum
412 430 571 460 extraneis
592 430 626 460 in
649 428 760 472 Belgio
785 441 982 461 concessum.
1007 431 1128 461 Incola
1151 437 1323 463 extraneus
1350 432 1458 476 Belgae

120 482 311 514 assimilatur
333 483 370 525 1)
388 484 414 514 si
430 489 522 514 aetate
543 482 642 527 major
658 483 836 515 secundum
860 483 946 527 leges
968 490 1088 516 nostras
1112 486 1239 526 civiles,
1260 486 1459 518 domicilium

119 546 213 567 suum
236 547 273 567 ex
296 537 379 579 regis
395 538 584 568 auctoritate
605 538 639 568 in
661 539 819 569 territorio
841 538 970 582 Belgico
986 541 1200 580 constituerit,
1222 547 1319 585 atque
1343 543 1461 586 magis-

119 590 217 620 tratui
241 590 428 633 municipali
454 591 523 635 ejus
543 591 604 622 loci
626 592 659 622 in
682 603 746 634 quo
766 592 873 623 sedem
901 594 984 633 fixit,
1013 595 1138 626 veniam
1161 607 1178 626 a
1199 607 1273 639 rege
1296 603 1458 639 acceptam

119 645 405 685 repraesentaverit.
419 645 544 676 Deinde
556 646 597 688 2)
608 646 633 676 si
647 645 843 677 domicilium
856 648 888 677 in
901 647 1006 690 aliqua
1019 649 1109 691 regni
1125 650 1252 680 civitate
1264 651 1459 693 (gemeerzte)

117 696 213 727 etiam
237 696 356 740 absque
381 699 464 741 regis
484 698 631 742 expressa
653 699 842 730 auctoritate
863 700 1031 742 collocato,
1059 713 1161 745 eoque
1184 703 1302 734 ibidem
1324 715 1381 747 per
1404 716 1458 735 sex

117 761 215 781 annos
241 758 447 792 conservato,
483 753 682 795 magistratui
712 754 857 793 animum
887 754 1097 789 declaraverit
1124 764 1315 801 perpetuam
1347 769 1457 790 rerum

115 814 246 836 suarum
270 805 378 837 sedem
399 807 433 837 in
454 806 566 850 Belgio
588 807 719 851 figendi.

159 892 203 923 X.
238 893 382 937 Reliquis
403 905 479 927 vero
497 896 656 926 extraneis
677 895 756 939 juris
773 898 872 928 nostri
889 898 990 931 civilis
1012 911 1088 931 usus
1105 906 1237 932 eatenus
1253 901 1455 938 conceditur,

115 955 274 991 quatenus
297 950 335 980 iis
357 950 504 992 expressa
529 950 833 994 legis‘dispositione
860 964 925 984 non
951 953 1139 996 denegatur.
1171 954 1253 993 Quae
1274 955 1390 986 decisio
1416 955 1455 987 ad

115 1012 225 1032 omnes
243 1003 384 1044 pertinet
405 1014 479 1034 vere
500 1009 686 1044 extraneos,
708 1006 765 1048 qui
787 1006 837 1037 vel
866 1007 906 1049 a)
931 1018 971 1038 ex
991 1009 1074 1049 regis
1095 1010 1284 1040 auctoritate
1305 1010 1455 1041 fortuna-

114 1066 187 1086 rum
210 1067 340 1086 suarum
362 1056 468 1086 sedem
488 1057 523 1086 in
544 1056 655 1099 Belgio
673 1058 925 1098 constituerunt,
948 1071 1061 1091 verum
1072 1061 1166 1092 illam
1189 1063 1316 1093 veniam
1339 1075 1354 1093 a
1379 1074 1453 1106 rege

112 1114 274 1150 acceptam
291 1108 435 1139 nondum
453 1109 652 1152 magistratui
668 1111 857 1154 municipali
872 1112 1107 1154 probaverunt3
1128 1115 1179 1146 vel
1199 1116 1236 1157 b)
1253 1116 1452 1148 domicilium

111 1161 143 1191 in
167 1160 273 1203 aliqua
298 1160 403 1204 Belgii
428 1162 556 1194 civitate
581 1163 704 1207 absque
725 1165 808 1208 regis
831 1166 924 1197 venia
944 1166 1151 1208 collocatum,
1181 1169 1215 1200 in
1240 1169 1276 1201 ea
1305 1171 1451 1202 nondum

107 1224 166 1257 per
176 1215 367 1247 sexennium
385 1224 633 1258 conservarunt3
652 1219 704 1251 vel
720 1219 756 1262 c)
774 1221 830 1262 qui
848 1222 1004 1264 perpetua
1021 1222 1217 1255 habitatione
1231 1225 1265 1255 in
1282 1225 1341 1256 hac
1357 1226 1451 1257 illave

108 1269 201 1312 regni
223 1269 351 1301 civitate
374 1271 562 1312 constituta,
586 1278 683 1315 atque
706 1273 739 1303 in
760 1273 872 1305 eodem
890 1274 958 1306 loco
979 1287 1037 1319 per
1058 1288 1112 1308 sex
1130 1289 1228 1310 annos
1249 1281 1449 1321 conservata,

106 1322 307 1366 magistratui
328 1324 517 1368 municipali
533 1328 677 1358 animum
701 1327 740 1360 de
761 1327 815 1359 illa
831 1328 904 1360 sede
925 1337 1084 1373 perpetuo
1099 1332 1133 1363 in
1154 1332 1266 1376 Belgio
1281 1334 1449 1366 retinenda

105 1388 171 1408 non
191 1376 441 1419 declaraverint3
465 1379 517 1411 vel
540 1380 656 1412 deinde
675 1381 719 1424 d)
742 1382 798 1425 qui
819 1384 946 1414 nonnisi
967 1384 1007 1415 ob
1024 1396 1149 1416 causam
1172 1386 1311 1430 aliquam
1332 1389 1449 1419 transi-

106 1431 220 1463 toriam
240 1431 280 1463 ad
299 1437 427 1476 tempus
441 1433 476 1464 in
497 1433 609 1477 Belgio
625 1442 809 1477 morantur3
831 1437 883 1469 vel
903 1438 1044 1482 denique
1064 1440 1099 1483 e)
1121 1441 1178 1483 qui
1199 1447 1287 1472 extra
1309 1454 1445 1485 regnum

105 1484 240 1528 degunt.

148 1577 207 1608 XI.
238 1577 314 1610 Haec
334 1578 434 1622 igitur
455 1581 593 1612 maxima
617 1582 739 1613 exsistit
757 1583 843 1615 inter
863 1590 1041 1628 utrumque
1062 1585 1113 1628 j'us
1134 1586 1330 1627 differentia,
1359 1589 1444 1632 quod

103 1629 174 1674 jure
191 1631 314 1663 Gallico
328 1633 508 1676 peregrini,
520 1635 577 1677 qui
592 1636 675 1679 regis
686 1638 875 1669 auctoritate
890 1639 998 1670 sedem
1014 1651 1122 1672 rerum
1139 1653 1269 1673 suarum
1287 1643 1319 1674 in
1332 1642 1443 1687 Belgio

104 1685 354 1726 constituerunt,
383 1685 508 1731 juribus
534 1688 707 1732 Belgarum
736 1691 884 1724 civilibus
909 1693 1079 1735 fruantur,
1108 1696 1263 1739 quamdiu
1291 1699 1323 1729 in
1347 1699 1443 1730 terri—

104 1738 184 1769 torio
204 1739 365 1781 habitant,
392 1743 539 1784 quamvis
564 1743 624 1786 ipsi
644 1750 871 1778 extraneorum
893 1748 1109 1781 conditionem
1128 1762 1192 1782 non
1208 1759 1345 1793 exuant3
1369 1752 1441 1798 jure

104 1796 212 1823 autem
231 1793 361 1837 Belgico
378 1795 405 1826 si
426 1797 552 1828 veniam
573 1809 590 1828 a
612 1809 687 1841 rege
711 1803 874 1843 acceptam
896 1803 1098 1846 magistratui
1116 1804 1202 1836 illius
1223 1805 1300 1845 loci,
1322 1807 1355 1837 in
1377 1818 1441 1850 quo

101 1844 208 1876 sedem
228 1846 325 1889 figere
346 1850 500 1892 cupiunt,
524 1861 588 1882 non
605 1852 827 1895 probaverint,
847 1855 992 1900 adeoque
1012 1858 1037 1889 si
1059 1859 1301 1901 peregrinorum
1320 1867 1438 1893 statum

101 1909 166 1929 non
187 1902 399 1943 mutaverint,
425 1904 523 1936 nullis
544 1905 697 1939 fruantur
717 1909 892 1953 privilegiis
917 1923 982 1954 prae
1004 1911 1136 1955 reliquis
1157 1913 1305 1945 omnibus
1332 1922 1439 1947 extra—

100 1953 183 1993 neis,
211 1955 305 1986 etiam
327 1957 352 1987 si
373 1965 420 1989 ex·
431 1960 515 2003 regis
535 1961 630 1993 venia
648 1962 847 1995 domicilium
869 1965 903 1995 in
925 1964 1036 2008 Belgio
1052 1967 1286 2000 constituerint.
1313 1970 1436 2001 Deinde

97 2007 196 2039 iidem
217 2011 397 2053 peregrini,
422 2011 683 2057 illa'probatione
706 2028 811 2048 coram
829 2018 1015 2061 magistratu
1036 2019 1118 2052 facta
1132 2045 1140 2061 ,
1162 2033 1288 2054 necnon
1311 2023 1356 2054 illi
1379 2025 1435 2066 qui

96 2071 206 2094 rerum
223 2074 354 2096 suarum
373 2065 482 2098 sedem
496 2068 531 2098 in
547 2068 653 2112 aliqua
668 2072 759 2114 regni
776 2072 905 2105 civitate
922 2084 980 2116 per
1000 2085 1053 2105 sex
1074 2086 1173 2107 annos
1188 2085 1438 2120 conservarunt,
