1747 2620
700 245 792 289 (7)

75 344 192 378 gruum
213 329 357 369 videtur,
378 326 449 372 ejus
468 324 508 357 de
529 328 635 356 nostro
657 325 847 365 argumento
867 323 1042 362 praeoepta,
1067 314 1313 348 introductionis
1338 313 1408 344 loco

74 388 279 432 praemittere.

117 470 158 502 V.
189 463 471 507 Quemadmodum
501 460 578 493 civis
608 457 784 502 cujusque,
816 461 887 487 tum
912 453 1061 498 publica,
1096 458 1165 484 tum
1191 452 1314 494 privata
1341 448 1412 492 jura

76 528 223 557 accurate
245 517 452 552 determinari
470 518 656 558 nequeunt,
680 512 740 542 nisi
760 509 859 554 probe
880 514 1044 552 perspecta
1063 507 1104 538 sit
1125 506 1227 538 civilis
1245 503 1314 549 ejus
1334 514 1412 533 eon-

76 579 170 616 ditio,
185 577 245 615 ita,
259 574 320 605 nisi
333 570 538 615 originariam
557 574 784 599 extraneorum
802 576 876 608 erga
893 563 1055 595 civitatem
1075 560 1264 592 relationem
1279 557 1413 589 investi—

75 632 273 676 gaverimus,
296 627 411 660 idoneo
437 636 472 656 ac
494 622 670 654 necessario
697 619 875 652 carebimus
905 616 1133 654 fundamento,
1159 614 1212 645 cui
1235 612 1413 643 doctrinam

75 687 214 731 jurium,
241 683 316 726 ipsis
346 693 386 713 ex
412 679 483 724 jure
512 688 587 720 erga
613 675 775 707 civitatem
804 671 978 705 universali
1003 668 1274 712 competentium,
1299 675 1415 707 super-

73 747 247 772 struamus.
267 738 305 768 In
328 735 382 767 illa
403 745 479 767 vero
500 730 720 774 disquisitione
736 728 879 772 primum
894 723 1148 757 examinandum
1167 728 1230 762 est,
1250 719 1329 764 quid
1347 719 1416 761 ipso

76 800 304 827 extraneorum
325 789 456 821 nomine
480 785 672 818 declaretur.

119 846 272 879 Extranei
284 850 393 876 autem
405 840 541 874 civitatis
552 842 701 882 respectu
714 840 881 874 vocantur,
896 833 953 877 qui
964 831 1107 864 membra
1120 829 1189 874 ejus
1198 840 1264 860 non
1275 824 1415 868 sunt(1)‚

75 900 164 933 haud
182 911 273 931 secus
292 909 328 929 ac
348 908 406 928 nos
425 893 616 939 generaliori
638 890 869 934 significatione
891 894 1023 919 externa
1043 895 1272 928 nuncupamus
1293 893 1329 914 ea
1347 892 1419 912 om-

75 956 145 995 nia,
170 965 243 997 quae
267 952 367 983 nostri
390 955 516 992 partem
537 957 602 977 nou
623 944 778 975 efficiunt.

120 1037 177 1067 VI.
209 1035 281 1066 Jam
302 1044 377 1066 vero
397 1033 420 1063 ii
440 1031 498 1063 soli
519 1030 655 1062 civitatis
675 1028 750 1059 socii
772 1037 838 1058 esse
858 1030 1006 1068 possunt,
1030 1024 1087 1067 qui
1108 1028 1166 1053 aut
1184 1022 1246 1064 ipsi
1261 1020 1419 1063 originem

79 1090 201 1122 civitati
221 1087 397 1124 dederunt,
423 1084 463 1115 ad
484 1088 668 1120 externam,
698 1090 835 1122 eamque
861 1084 1008 1110 mutuam
1027 1083 1060 1108 et
1084 1081 1274 1119 perpetuam
1295 1073 1419 1117 jurium

77 1154 209 1176 suorum
237 1139 372 1172 tutelam
398 1148 464 1169 sese
488 1135 740 1181 conjungentes,
778 1139 835 1165 aut
858 1138 965 1176 postea
991 1130 1263 1174 quandocumque
1291 1125 1419 1170 reipub.

78 1198 142 1242 jam
164 1195 300 1227 conditae
322 1197 538 1231 accesserunt,
562 1190 628 1222 sive
651 1189 852 1220 extrinsecus
875 1186 914 1218 ad
935 1197 1051 1218 novam
1073 1184 1235 1216 civitatem
1256 1180 1420 1219 venerint,

78 1253 144 1284 sive
166 1263 182 1282 a
204 1249 327 1282 civibus
347 1248 434 1287 nati,
461 1246 597 1290 patriam
622 1243 823 1285 agnoverint.
852 1240 1014 1279 Quoniam
1033 1239 1133 1282 igitur
1157 1248 1252 1268 nemo
1278 1233 1419 1277 reipubl.

78 1304 245 1349 cujusdam
270 1303 348 1335 civis
369 1312 436 1332 esse
453 1304 572 1343 potest,
595 1297 656 1328 nisi
676 1296 732 1338 qui
749 1301 841 1338 pacto
857 1293 1093 1338 conjunctionis
1111 1291 1212 1324 civilis
1231 1288 1420 1333 originario,

78 1359 132 1393 vel
152 1364 245 1402 pacto
265 1355 451 1388 accessionis
471 1353 622 1395 deinceps
642 1350 722 1381 inito
742 1350 776 1380 in
797 1348 867 1392 ejus
890 1347 1086 1379 consortium
1101 1345 1206 1384 venit,
1223 1352 1422 1385 consequens

80 1419 144 1453 est,
163 1418 202 1444 ut
216 1411 378 1449 dicamus,
391 1406 571 1452 quemlibet
589 1404 646 1448 qui
661 1403 771 1435 neutri
787 1402 915 1434 illorum
931 1407 1100 1445 pactorum
1120 1409 1309 1430 consensum
1325 1407 1423 1428 suum

80 1463 383 1502 accommodaverit,
406 1463 510 1494 civem
532 1471 598 1491 non
616 1470 697 1498 esse,
720 1457 777 1489 sed
797 1463 1000 1488 extraneum.
1027 1454 1146 1497 Sponte
1169 1451 1301 1495 quidem
1322 1449 1423 1481 intel-

83 1521 212 1563 ligitur,
233 1518 316 1550 nihil
338 1518 508 1555 interesse,
534 1520 647 1546 utrum
672 1512 725 1544 hic
745 1511 828 1543 nulli
851 1521 980 1554 prorsus
1001 1508 1122 1541 civitati
1142 1516 1261 1537 nomen
1277 1504 1401 1536 dederit
1414 1528 1423 1543 ,

84 1586 124 1606 an
153 1585 228 1607 vero
251 1572 363 1604 alienae
384 1570 513 1602 cuidam
537 1570 577 1600 sit
603 1567 801 1610 adscriptus,
831 1571 971 1608 utroque
997 1563 1084 1595 enim
1111 1564 1359 1603 casu-respectu
1384 1557 1425 1589 ad

83 1634 222 1660 nostram
247 1625 408 1669 rempubl.
436 1630 609 1656 extraneus
633 1621 802 1653 habendus
822 1626 885 1652 est:
912 1619 1000 1652 unde
1024 1623 1129 1661 patet,
1153 1614 1251 1659 hujus
1276 1612 1423 1647 vocabuli

84 1682 346 1726 significationem
367 1679 506 1711 nimium
526 1678 597 1722 jure
616 1676 793 1709 universali
810 1675 956 1718 restringi
974 1674 1013 1705 ab
1028 1673 1065 1704 iis
1085 1671 1143 1715 qui
1160 1670 1273 1702 alienae
1289 1668 1424 1701 civitatis

85 1737 254 1780 participes
272 1735 352 1767 solos
373 1734 482 1766 dicant
498 1739 677 1765 extraneos.

130 1820 201 1852 VII.
234 1819 402 1852 Illustratis
427 1819 584 1850 hactenus
606 1817 829 1861 appellationis
848 1814 1000 1847 extranei
1024 1811 1098 1843 vera
1119 1808 1349 1853 significatione
1363 1831 1375 1847 ,
1392 1807 1425 1839 vi

87 1881 184 1918 atque
205 1875 364 1914 terminis,
386 1874 552 1907 videamus
571 1885 635 1917 quo
657 1873 730 1918 jure
750 1877 905 1915 regantur
925 1866 1106 1910 originariae
1126 1869 1352 1895 extraneorum
1372 1872 1427 1893 re-

87 1929 237 1969 lationes,
255 1934 325 1960 tum
342 1928 428 1971 quod
447 1928 487 1959 ad
508 1928 688 1967 civitatem,
708 1933 779 1959 tum
795 1925 881 1970 quod
898 1923 938 1955 ad
951 1923 1035 1965 ipsos
1054 1920 1138 1952 cives
1155 1918 1280 1949 attinet.
1305 1917 1424 1960 Sponte

93 2002 1418 2020 Μ,-

91 2092 104 2121 §
120 2053 163 2114 (ὲ)
180 2052 276 2080 Vattel,
289 2052 355 2076 droit
368 2052 409 2075 des
423 2059 492 2084 gens,
506 2052 535 2075 L.
551 2053 570 2075 1.
590 2052 628 2075 ch.
647 2060 682 2082 ¹9·
698 2051 711 2081 §
728 2059 779 2074 212.
794 2050 870 2079 Gros,
888 2046 1070 2072 Lehrbuchder
1086 2044 1226 2077 philosoph.
1237 2041 1424 2067 Rechtwissens.

122 2100 135 2114 2
153 2101 175 2122 9.
192 2096 244 2115 not.
