1747 2620
694 293 807 335 (73)

85 371 280 414 relinquere.
306 370 338 401 Si
359 369 449 401 nulla
466 367 708 412 complicatione
727 367 888 410 stipantur
907 372 1094 410 puncturae,
1122 368 1216 400 facile
1240 375 1272 401 et
1293 372 1354 403 cito
1375 384 1426 404 sa-

85 432 206 457 nantur
227 424 291 467 (1),
313 424 460 467 nihilque
481 434 589 454 secum
613 422 725 453 ferunt
745 421 894 464 periculi.
925 421 982 453 Hae
1006 422 1107 466 plagae
1129 431 1261 466 possunt
1287 426 1426 468 profun-

86 479 213 510 dissime
229 478 364 509 existere
385 483 416 508 et
438 477 488 509 vel
506 476 677 520 aliquando
696 481 798 508 totum
815 476 992 508 Thoracem
1013 478 1178 520 perforare
1198 479 1347 512 videntur
1362 480 1425 524 (2),

87 545 189 577 quum
204 532 325 564 scilicet
343 532 425 562 ensis
441 531 530 575 juxta
547 537 705 562 costarum
722 530 956 573 longitudinem
973 531 1086 574 gliscit.
1105 533 1242 565 Possunt
1258 541 1428 577 puncturae

87 587 212 626 dolore,
228 584 478 628 haemorrhagian,
493 585 759 624 inflammatione,
775 585 1007 627 suppuratione
1022 592 1055 617 et
1069 589 1208 629 corporis
1229 588 1429 633 heterogenii

87 640 254 683 praesentia
271 639 472 681 complicari3
488 639 538 670 his
553 639 702 670 omnibus
718 639 880 681 chirurgia
894 638 1014 670 mederi
1028 646 1140 682 potest.
1158 641 1190 672 Si
1206 641 1295 673 dolor
1309 644 1396 674 enim
1411 656 1428 675 a

88 694 161 726 laeso
172 704 272 726 nervo
285 693 404 733 oritur,
424 694 515 736 sique
528 692 581 723 illa
598 697 684 723 tanta
696 698 744 723 est
756 698 793 722 ut
805 691 919 723 febrim
933 699 965 723 et
976 694 1176 725 convulsivos
1189 702 1292 727 motus
1304 705 1430 738 causet,

89 753 122 779 et
137 747 235 779 nullis
255 747 496 778 medicamentis
515 746 657 786 obediat,
673 756 773 777 nervo
790 746 915 788 integre
931 752 1016 777 secto
1033 757 1201 790 nunquam
1217 751 1357 792 persistit
1371 751 1430 794 (3).

88 800 320 844 Hemorrhagia
346 800 473 831 lethalis
499 801 568 831 fieri
596 806 700 843 potest
724 801 749 831 si
773 811 873 843 prope
897 800 1062 833 axillarem
1087 803 1237 834 arteriam
1265 816 1335 836 vasa
1359 805 1432 837 laesa

89 860 181 894 sunt,
203 854 281 885 huie
302 860 410 885 tamen
430 853 554 885 obicem
575 854 672 885 etiam
693 865 856 896 opponere
876 854 1035 886 medicina
1055 862 1174 899 potest,
1197 857 1327 901 ligando
1343 871 1433 891 eom-

89 907 299 951 primendove
323 919 396 940 vasa
419 913 503 938 secta
528 907 586 950 (4).
617 907 753 950 Oportet
778 913 886 939 tamen
911 915 1109 942 extravasato
1134 913 1283 955 sanguini
1307 913 1432 946 exitum

46 963 48 965 ’
90 962 319 1002 concedamus,
343 963 520 1005 praesertim
540 973 642 1004 quum
660 961 778 994 vulnus
794 974 903 994 versus
919 974 1034 995 cavum
1054 964 1185 996 axillare
1200 966 1351 1010 dirigitur
1366 967 1431 1010 (5);

90 1017 178 1060 quod
204 1017 265 1047 nisi
288 1017 343 1047 fiat
364 1017 493 1059 sanguis
513 1027 639 1058 semper
659 1027 850 1058 semperque
873 1019 1048 1060 proserpit,
1076 1020 1337 1063 immensumque
1359 1033 1434 1063 spa-

91 1071 174 1102 tium
196 1081 354 1113 occupare
375 1069 476 1108 valet,
500 1069 663 1112 glandulae
686 1069 832 1101 axillares
849 1070 1054 1113 lymphaticae
1070 1071 1129 1103 hac
1146 1074 1345 1116 stagnatione
1364 1074 1434 1106 affi-

91 1125 244 1159 ciuntur,
280 1129 313 1154 et
338 1129 544 1166 putrescente
574 1124 730 1166 sanguine
757 1135 930 1167 gangraena
960 1126 1035 1156 oriri
1066 1132 1189 1169 potest3
1218 1127 1295 1159 huic
1324 1134 1433 1160 tamen

92 1177 272 1209 collectioni
293 1177 390 1208 etiam
412 1177 570 1209 medelam
591 1178 738 1209 conferre
762 1190 946 1221 possumus,
969 1178 1019 1211 vel
1035 1179 1197 1212 dilatando
1212 1181 1348 1222 vulnus,
1366 1182 1434 1223 vel,

92 1232 117 1263 si
138 1230 201 1275 jam
218 1231 363 1262 abcessus
378 1230 475 1271 adsit,
496 1231 603 1274 ipsum
621 1231 810 1275 aperiundO.
833 1233 918 1263 Petit
934 1233 1035 1264 multa
1054 1234 1131 1264 citat
1145 1233 1243 1278 hujus
1258 1236 1435 1268 affectionis

92 1285 239 1329 exempla
267 1286 352 1317 inter
383 1296 455 1328 quae
484 1297 621 1328 sequens
647 1286 712 1328 (6):
741 1297 760 1316 ))
775 1286 835 1317 Vir
858 1285 990 1329 quidam
1018 1286 1153 1318 vulnere
1182 1299 1278 1331 supra
1308 1288 1436 1333 majoris

92 1351 112 1371 ))
128 1339 297 1383 pectoralis
317 1339 449 1370 tendine
473 1345 619 1382 recepto,
646 1345 683 1371 ut
703 1341 849 1383 sequitur
875 1346 1004 1372 curatus
1028 1340 1109 1372 fuit:
1136 1341 1224 1373 haud
1251 1354 1348 1385 grave
1370 1343 1436 1375 suit

93 1394 248 1427 »vulnus
270 1393 464 1437 judicatum,
487 1405 586 1437 quare
612 1394 761 1437 pedicillo
783 1395 899 1437 spiritu
922 1395 988 1426 vini
1018 1395 1144 1427 madido
1167 1395 1330 1428 obtectum
1353 1397 1434 1439 fuit;

93 1460 113 1479 ))
129 1458 211 1480 vena
232 1447 297 1478 fuit
315 1446 362 1478 bis
381 1453 482 1486 secta,
502 1458 562 1478 nec
577 1447 719 1479 multum
737 1448 897 1479 sauciatus
919 1448 1034 1480 doloris
1054 1449 1268 1492 percipiebat3
1293 1457 1436 1483 attamen

95 1513 114 1533 ))
130 1501 225 1533 axilla
238 1513 319 1541 non,
343 1501 392 1532 uti
407 1501 514 1542 decet,
532 1513 608 1533 cava
630 1507 711 1541 erat,
734 1501 789 1533 sed
806 1508 966 1534 tumorem
987 1503 1183 1535 monstrabat
1200 1505 1252 1537 ovi
1268 1506 1436 1548 magnitu-

97 1566 116 1585 )›
133 1554 240 1585 dinem
254 1555 490 1597 adaequantem3
507 1555 609 1599 plagae
620 1556 840 1599 profunditate
855 1557 1069 1600 perscrutata,
1084 1564 1248 1602 repertum
1261 1559 1324 1590 fuit
1335 1560 1436 1602 ipsam

98 1608 261 1652 »plagam
292 1620 402 1641 versus
430 1609 558 1641 axillam
587 1610 691 1653 dirigi.
726 1611 917 1643 Incisionem
946 1613 980 1643 in
1006 1618 1133 1644 tumore
1161 1613 1302 1644 instituit
1330 1613 1436 1653 Petit,

98 1662 293 1705 »quidquid
313 1663 478 1705 sanguinis
498 1653 532 1694 in
554 1675 591 1695 eo
613 1671 681 1696 erat
701 1666 857 1705 extraxit,
881 1666 1073 1709 sanitatique
1093 1667 1138 1698 sic
1158 1667 1298 1698 restituit
1315 1668 1441 1698 saucia—

98 1728 117 1748 »
132 1716 235 1748 tum.”
260 1716 405 1748 Tandem
423 1716 563 1761 denique
582 1730 697 1762 corpus
712 1719 873 1762 quoddam
891 1720 1027 1753 vulnere
1042 1720 1201 1753 inhaerere
1216 1727 1335 1764 potest,
1353 1722 1440 1765 quod

96 1770 251 1803 irritando
281 1771 588 1813 inflammationem,
620 1785 824 1818 gangraenam
856 1780 889 1806 et
915 1774 1019 1806 simile
1051 1775 1130 1818 quid
1160 1775 1330 1819 producit,
1368 1786 1440 1819 quae

98 1830 206 1857 tamen
227 1826 351 1866 omnia,
371 1831 515 1858 extracto
535 1839 668 1871 corpore
687 1828 895 1873 heterogenio
916 1835 1150 1873 praecaventur.

159 1938 193 1968 (1)
210 1938 302 1968 Boyer,
321 1938 339 1962 1.
356 1939 394 1971 1.,ἶ
410 1944 470 1964 tom.
486 1940 550 1971 VII,
569 1949 623 1973 pag.
639 1943 697 1973 253,
715 1943 777 1967 edit.
799 1943 924 1967 Parisinae.

160 1978 194 2008 (2)
211 1978 279 2007 1bid,
298 1979 319 2002 l.
340 1979 378 2009 l.‚
397 1985 458 2004 tom.
477 1981 539 2005 V11.
556 1990 613 2013 pag.
634 1982 689 2006 252.

161 2018 281 2048 (521bid‚
304 2027 361 2050 pag.
384 2021 438 2044 253.

161 2059 194 2088 (4)
214 2058 283 2088 lbid,
304 2063 365 2082 tom.
386 2061 447 2084 Vll.
470 2069 527 2092 pag.
549 2063 605 2086 253.

161 2099 194 2127 (5)
212 2099 290 2127 Petit,
311 2100 428 2125 maladies
443 2101 570 2133 chirurg.,
590 2107 651 2126 tom.
674 2104 697 2126 1.
717 2111 774 2134 pag.
796 2103 896 2126 61-62.

163 2139 196 2169 (6)
213 2139 280 2164 md.
1159 2164 1198 2185 10
