1747 2620
692 247 703 289 (
727 248 765 276 21
793 246 805 288 )

88 334 154 364 Hoc
174 334 351 362 commento
372 326 568 360 obcoecatus,
595 321 741 351 Jacohas
765 319 797 350 Ι.
818 316 939 359 Angliae
960 316 1043 355 Rex,
1068 326 1105 346 eo
1130 325 1231 356 usque
1254 315 1402 356 processit

87 384 287 421 temeritatis,
310 386 347 412 ut
370 380 402 410 in
426 378 561 414 Senatu,
588 385 683 416 quem
708 371 944 403 Parlamentum
969 374 1098 407 vocant,
1123 368 1190 410 ipse
1213 366 1402 406 declararet,

87 438 218 480 Regiam
233 439 419 478 potestatem
437 430 495 462 sibi
513 442 529 460 a
550 429 617 459 Deo
637 437 831 464 concessam,
850 423 947 454 nullis
966 420 1119 452 limitibus
1138 431 1202 450 esse
1220 419 1402 458 obnoxiam,

88 498 183 533 atque
209 500 263 528 ea,
289 498 361 529 quae
385 484 495 528 populi
522 482 650 513 nomine
676 479 913 510 Parlamentum
935 475 993 506 sibi
1016 474 1206 513 vindicaret,
1231 473 1317 516 jura,
1339 484 1404 503 non

89 554 154 575 esse
174 542 234 573 nisi
259 538 422 583 privilegia
444 549 460 568 a
481 535 619 578 Regibus
640 533 782 571 indulta,
805 537 836 562 et
857 530 895 561 ab
916 530 964 560 his
985 540 1042 571 pro
1068 528 1195 558 arbitrio
1217 526 1403 558 revocanda.

89 597 171 635 Quae
190 593 320 637 quidem
340 591 511 628 sententia,
535 587 658 632 juribus
680 585 872 617 Parlainenti
894 584 1037 626 proxime
1061 582 1232 620 contraria,
1253 581 1405 611 acerrime

88 655 167 680 tunc
185 646 334 689 temporis
354 644 526 687 praesertim
549 641 587 672 ab
607 641 662 679 iis,
687 639 742 681 qui
762 637 1075 679 Presbyterianorum
1097 634 1237 677 partibus
1258 633 1407 675 adscripti

89 707 195 739 erant,
218 698 476 741 impugnabatur.
505 695 545 725 Hi
567 694 670 731 enim,
695 702 768 733 quae
793 690 947 732 principia
974 688 1181 719 democratica
1208 687 1241 716 in
1267 686 1406 716 ecclesiae

89 765 156 787 suae
182 752 345 795 disciplina
363 750 589 792 sequebantur,
619 745 727 776 eadem
748 744 787 774 ad
803 754 852 774 res
870 742 1012 785 politicas
1032 740 1272 777 transferentes,
1288 737 1406 780 populo

84 818 250 839 ‘summum
274 804 460 836 addicebant
480 801 667 843 imperium,
692 798 810 839 Regem
830 807 903 829 vero
926 796 1143 837 magistratum
1166 804 1231 823 esse
1254 791 1408 823 docebant

90 872 107 891 a
122 859 240 902 populo
255 863 412 896 creatum,
432 856 487 898 qui
505 854 602 896 hujus
623 852 751 883 arbitrio
773 856 805 881 et
823 848 911 892 jussu
933 847 1049 889 depelli
1069 858 1085 877 a
1105 856 1239 876 munere
1260 851 1292 875 et
1309 856 1407 886 regno

89 912 208 955 privari
243 916 355 954 posset.
390 909 471 947 Quae
500 908 599 949 igitur
629 904 838 935 controversia
868 902 907 932 de
934 901 1050 932 summi
1077 899 1204 941 imperii
1231 899 1353 940 origine
1377 904 1408 928 et

84 971 204 995 'natura
223 965 257 994 in
276 963 343 993 aliis
361 963 496 1002 Europae
516 957 697 1001 regionibus
709 957 792 987 inter
806 956 971 996 scriptores
986 959 1109 983 tantum
1127 952 1269 994 politicos
1284 951 1409 993 discep-

92 1016 234 1054 tabatur,
255 1015 364 1045 eadem
389 1011 664 1044 vehementissime
687 1010 720 1039 in
739 1009 852 1049 Anglia
875 1008 992 1049 Regem
1013 1007 1096 1036 inter
1118 1011 1151 1036 et
1171 1005 1409 1035 Parlamentum

93 1068 284 1111 agitabatur,
309 1066 377 1096 odia
402 1064 567 1095 saevissima
590 1063 673 1092 inter
698 1061 795 1098 cives,
823 1070 1025 1100 summasque
1050 1058 1217 1088 discordias
1244 1059 1408 1096 excitavit,

92 1121 290 1162 primamque
310 1116 446 1160 praebuit
467 1126 593 1146 causam
617 1113 693 1145 belli
714 1113 829 1152 civilis,
855 1112 938 1154 quod
960 1112 1136 1154 principem
1157 1110 1409 1141 infelicissimum

98 1173 250 1204 Carolum
268 1171 300 1202 I.
324 1170 363 1201 ad
383 1169 575 1211 supplicium
599 1166 707 1206 duxit,
731 1166 926 1208 Regiamque
947 1165 1062 1196 evertit
1082 1165 1115 1195 in
1136 1164 1247 1206 Anglia
1272 1163 1411 1206 dignita-

91 1231 155 1256 tem
176 1224 232 1266 (1).
257 1242 300 1247 —-
324 1223 365 1253 Et
387 1222 470 1253 hanc
495 1220 686 1258 doctrinam,
711 1220 881 1261 imperium
904 1218 996 1250 civile
1020 1229 1084 1248 non
1105 1217 1216 1259 populi
1239 1228 1410 1257 consensu,

91 1277 146 1308 sed
164 1275 270 1309 divina
293 1276 490 1306 institutione
510 1274 588 1312 niti,
613 1272 774 1314 nullisque
792 1271 946 1302 limitibus
967 1281 1032 1301 esse
1053 1270 1310 1312 temperandum,
1332 1281 1411 1301 neo-

92 1330 182 1361 terici
206 1329 351 1371 quidam,
379 1328 435 1370 qui
460 1328 533 1358 artis
558 1326 692 1369 politicae
715 1330 938 1356 restauratores
963 1334 995 1354 se
1018 1323 1227 1366 proclamant,
1255 1324 1289 1353 in
1312 1324 1410 1355 vitam

83 1381 240 1414 ‘revocare
254 1381 398 1419 student,
410 1379 463 1410 illa
478 1379 541 1410 sola
557 1390 728 1421 regnorum
741 1377 1001 1419 tranquillitatem
1013 1375 1205 1407 corroborari
1218 1381 1391 1407 statuentes
1403 1376 1409 1406 l

136 1436 206 1465 Jam
231 1445 320 1473 vero,
347 1434 385 1464 A.
414 1433 472 1471 H.,
502 1443 574 1463 cum
601 1431 668 1462 aliis
697 1431 861 1461 sententia:
884 1441 900 1460 a
926 1429 1015 1460 nobis
1036 1429 1202 1471 propositae
1228 1428 1411 1459 adversariis

83 1486 339 1518 vconcertandum
359 1491 418 1524 est,
440 1485 495 1527 qui
516 1495 632 1526 nempe
651 1494 759 1515 rerum
778 1482 980 1525 publicarum
997 1481 1159 1512 historiam
1179 1481 1213 1511 in
1233 1480 1292 1511 hac
1308 1492 1411 1523 quaes-

95 1540 180 1570 tione
194 1539 290 1570 solam
306 1538 519 1577 consulentes,
537 1538 670 1580 imperia
687 1548 846 1568 armorum
858 1536 890 1567 vi
905 1536 1027 1578 potiuS‚
1043 1546 1138 1577 quam
1153 1533 1253 1565 libero
1268 1535 1412 1565 omnium

97 1604 250 1624 consensu
264 1593 432 1623 constituta
448 1602 513 1623 esse
532 1591 696 1635 objiciunt.
720 1590 800 1629 Quis
821 1595 884 1628 est,
900 1589 956 1631 qui
973 1589 1006 1619 in
1024 1587 1158 1618 dubium
1174 1598 1285 1618 vocare
1300 1587 1411 1629 possit,

96 1657 131 1677 ea
151 1645 362 1688 plurimarum
382 1645 563 1682 civitatum,
584 1650 616 1675 et
631 1645 835 1686 antiquarum
855 1649 888 1674 et
906 1642 1138 1680 recentiorum,
1157 1640 1221 1671 fata
1241 1641 1410 1679 exstitisse,

96 1705 134 1730 ut
161 1700 295 1731 victores
325 1699 409 1729 ferro
441 1698 695 1740 expugnaverint
725 1708 905 1740 supremam
943 1700 1149 1738 potestatem,
1185 1693 1340 1736 legitimos
1374 1693 1413 1724 ab

96 1752 228 1794 imperio
252 1751 433 1794 depulerint
452 1752 566 1794 Reges,
593 1751 781 1794 populisque
802 1749 936 1783 devictis
948 1748 1062 1779 odiosae
1080 1747 1290 1790 imposuerint
1308 1746 1412 1777 domi-

97 1805 230 1835 nationis
250 1804 361 1848 jugum
373 1805 389 1835 1>
412 1804 535 1836 Verum
560 1809 666 1834 tamen
685 1803 812 1834 historia
833 1813 962 1846 quoque
982 1801 1087 1840 docet,
1108 1800 1279 1843 imperium
1298 1801 1412 1842 saepius

98 1858 258 1888 communi
281 1858 399 1890 civium
426 1857 589 1890 voluntate
619 1857 652 1887 in
684 1857 817 1900 optimos
842 1856 1001 1900 principes
1025 1865 1090 1886 esse
1113 1854 1273 1885 collatum.
1298 1854 1412 1885 Nonne

99 1909 196 1951 igitur
212 1915 321 1951 sponte
340 1920 372 1940 se
392 1910 484 1941 offert
501 1910 647 1952 quaestio,
663 1909 822 1953 quodnam
843 1909 1015 1952 imperium
1035 1906 1147 1938 debeat
1165 1906 1286 1950 justum
1304 1906 1413 1949 legiti-

157 2033 200 2061 (ι)
216 2032 253 2055 Cf.
271 2032 393 2061 HEEREN,
411 2033 491 2056 kleine
504 2033 647 2056 historin-lte
663 2033 794 2063 Schriften.
813 2033 936 2063 Gotting„
956 2032 1021 2055 1805.
1038 2033 1087 2056 vol.
1102 2033 1141 2054 II.
1158 2039 1183 2061 p.
1205 2039 1253 2061 ¹72¹
1270 2039 1319 2060 sqq.
