1747 2620
871 285 986 330 (38)

264 370 361 407 atque
372 362 451 395 illud
463 363 527 395 suis
537 361 661 406 legibus
670 362 764 393 etiam
775 361 967 392 nostratibus
979 360 1134 392 tributum
1146 367 1206 401 est,
1218 372 1327 393 rursus
1338 372 1376 393 ex
1389 363 1462 405 ipsis
1473 368 1532 393 art.
1544 364 1577 393 11
1589 386 1595 393 .

265 419 300 449 C.
324 419 392 449 Civ.
418 417 520 449 verbis
545 417 606 461 jam
628 416 728 448 soluta
749 416 880 458 quaestio
902 415 1045 454 videtur,
1068 415 1110 446 ita
1132 421 1169 446 nt
1192 415 1259 446 haec
1281 417 1438 447 sententia
1466 422 1596 459 propter

263 472 406 515 regulam
436 472 578 502 inclusio
610 471 709 501 unius
735 475 787 500 est
815 468 964 499 exclusio
991 469 1155 505 alterius,
1187 481 1314 512 prorsus
1342 469 1514 513 rejicienda
1543 470 1593 501 sit.

263 526 344 564 Quae
360 525 469 567 regula
487 535 523 555 eo
545 524 642 565 magis
658 524 690 553 in
706 522 810 565 specie
826 521 1012 564 applicanda
1033 528 1095 561 est,
1117 523 1203 566 quod
1224 529 1283 554 art.
1304 525 1355 554 11.
1375 524 1407 554 C.
1426 524 1494 556 Civ.
1511 535 1596 555 non—

263 580 322 610 nisi
344 578 563 621 exceptionem
584 589 599 607 a
617 576 818 619 generalibus
837 575 915 619 juris
934 576 1035 607 civilis
1054 576 1310 620 dispositionibus
1334 578 1492 617 continet3
1521 589 1593 621 quae

262 633 406 675 exceptio
427 633 451 662 si
470 631 561 669 facit,
583 636 622 661 ut
642 631 707 661 istae
724 641 786 661 non
805 629 949 669 valeant,
972 629 1015 660 ibi
1031 641 1158 662 necesse
1178 638 1225 662 est
1243 643 1295 663 eas
1314 632 1436 671 valere,
1457 631 1511 663 ubi
1529 643 1593 663 non

261 693 307 717 est
331 691 523 728 exceptum,
556 684 641 727 quod
666 684 705 715 de
730 684 840 715 alienae
865 685 967 727 gentis
992 686 1127 728 propriis
1152 685 1276 728 legibus
1302 687 1424 718 factum
1449 698 1513 718 non
1535 693 1592 718 est.

259 740 472 783 Sequentibus
494 740 589 770 etiam
613 738 786 770 rationibus
804 740 960 770 sententia
982 745 1086 770 nostra
1108 740 1265 770 firmatur.
1296 740 1456 771 Videlicet
1478 741 1514 783 1)
1534 740 1592 772 ad—

260 794 350 825 missa
367 794 617 824 adversariorum
632 792 804 831 sententia,
822 792 931 823 civitas
946 792 1109 834 quaedam,
1127 793 1179 823 cui
1193 792 1262 836 jura
1280 798 1385 824 nostra
1404 793 1508 825 civilia
1527 805 1591 825 non

262 847 375 887 tribui,
401 847 440 878 ob
459 847 595 878 rationes
612 846 660 877 vel
679 857 717 877 ex
739 845 910 888 prudenti-31
932 846 982 878 vel
1004 857 1043 877 ex
1063 847 1238 877 oeconomi&
1259 846 1386 889 politica
1408 846 1514 879 velex
1532 846 1593 878 alio

260 901 348 932 fonte
369 900 528 931 des-unitas
549 905 653 930 nostra
674 900 856 939 interesset,
876 911 948 942 quae
970 906 1076 931 tamen
1095 911 1132 931 ex
1155 900 1283 931 illorum
1302 902 1592 933 communicatione

258 965 410 997 magnum
429 952 631 983 commodum
648 958 861 994 exspectaret,
881 963 917 983 ea
933 953 1008 991 sibi,
1026 953 1115 984 nobis
1130 954 1254 994 invitis,
1273 966 1420 997 arrogare
1437 961 1469 986 et
1487 956 1593 987 minus

258 1007 347 1050 aequa
369 1006 549 1037 conditione
568 1005 690 1045 nostra,
717 1006 834 1037 eximia
855 1005 1072 1037 emolumenta
1097 1007 1248 1047 consequi
1271 1014 1385 1048 posset.
1411 1008 1538 1039 Deinde
1553 1010 1593 1050 2)

257 1067 390 1093 testatur
413 1061 460 1091 Cl.
485 1059 601 1100 Locre,
627 1061 747 1101 Esprit
765 1060 810 1090 du
840 1060 926 1091 Code
953 1060 1043 1097 Cio„
1073 1065 1095 1090 t.
1117 1060 1142 1090 Ι.
1166 1071 1238 1103 pag.
1262 1060 1343 1099 310,
1368 1060 1506 1102 primam
1532 1065 1590 1091 art.

257 1115 492 1154 redactionem,
523 1115 556 1144 in
588 1114 736 1144 sanctiori
759 1114 839 1157 reip.
869 1114 1003 1145 concilio
1031 1113 1259 1153 deliberatam,
1293 1120 1441 1145 mutuam
1468 1113 1590 1158 jurium

257 1170 400 1202 civilium
424 1168 761 1207 communicationem,
787 1174 851 1198 tam
874 1167 997 1210 legibus
1019 1167 1154 1199 aliarum
1177 1169 1322 1210 gentium
1336 1192 1344 1207 ,
1371 1179 1467 1210 quam
1493 1169 1592 1210 pactis

257 1235 330 1255 cum
345 1224 382 1253 iis
402 1223 488 1253 initis
509 1221 677 1253 obnoxiam
700 1221 825 1262 fecisse3
848 1234 959 1254 verum
979 1221 1212 1265 postulantibus
1235 1221 1388 1262 tribunis,
1409 1221 1496 1252 illam
1512 1233 1592 1252 aue-

255 1278 414 1308 toritatem
437 1276 508 1307 solis
530 1275 682 1306 tributam
702 1276 800 1307 fuisse
820 1277 919 1318 pactis
941 1276 1094 1318 publicis,
1117 1282 1154 1307 ut
1175 1287 1229 1315 ne,
1252 1276 1388 1315 scilicet,
1411 1281 1516 1306 nostra
1541 1275 1591 1306 le-

254 1331 376 1375 gislatio
397 1330 501 1374 quoad
520 1335 686 1361 extraneos
703 1329 841 1372 pendeat
856 1329 895 1360 ab
911 1335 1094 1360 exterorum
1114 1328 1312 1372 legislatione
1327 1340 1402 1371 erga
1423 1334 1587 1360 nostrates.

252 1385 349 1417 Unde
374 1391 479 1428 patet,
501 1385 600 1427 ipsam
628 1383 704 1415 Cod.
729 1383 797 1416 Civ.
827 1383 1028 1414 conditorum
1055 1388 1198 1414 mentem
1219 1382 1338 1422 fuisse,
1365 1383 1589 1425 exceptionem

254 1446 312 1471 art.
331 1441 382 1470 11.
407 1438 482 1470 Cod.
503 1438 571 1471 Civ.
592 1444 742 1469 statutam
764 1438 847 1468 intra
864 1435 1035 1469 verborum
1057 1435 1143 1467 illius
1163 1441 1222 1466 art.
1245 1435 1363 1466 limites
1383 1436 1588 1478 restringere.

295 1526 381 1556 VIII.
416 1524 500 1556 Vera
515 1525 614 1567 igitur
633 1531 691 1556 art.
712 1526 764 1556 11.
782 1523 859 1555 Cod.
875 1523 944 1554 Civ.
959 1522 1116 1554 sententia
1132 1521 1200 1553 haec
1218 1526 1282 1552 est:
1303 1521 1399 1560 Quod
1415 1522 1439 1553 si
1456 1521 1495 1553 de
1510 1521 1590 1567 juris

253 1578 419 1622 cujusdam
441 1578 592 1609 exercitio
613 1577 789 1620 peregrinis
809 1577 916 1608 stricte
937 1576 980 1607 sic
1002 1576 1093 1607 dictis
1113 1575 1199 1619 apud
1221 1587 1276 1606 nos
1294 1587 1441 1607 concesso
1462 1576 1513 1609 vel
1529 1576 1589 1608 de-

251 1638 366 1675 negato
389 1638 566 1674 quaeratur,
583 1631 775 1671 videndum,
802 1630 880 1674 quid
900 1630 986 1673 leges
1011 1635 1124 1661 nostrae
1143 1628 1251 1662 civiles
1273 1629 1356 1660 circa
1382 1629 1469 1660 illius
1491 1641 1587 1662 usum

253 1686 492 1724 constituerint,
535 1696 605 1728 quze
629 1686 653 1715 si
678 1685 777 1728 ipsius
804 1696 898 1716 usum
930 1683 1078 1715 omnibus
1109 1682 1305 1722 concedant,
1339 1693 1380 1713 ne
1409 1684 1588 1725 peregrinis

252 1740 383 1784 quidem
404 1738 523 1770 directe
545 1745 601 1769 ant
624 1739 778 1770 indirecte
794 1739 948 1778 exclusis,
971 1738 1182 1769 certissimum
1204 1743 1266 1776 est,
1293 1743 1458 1768 extraneos
1480 1739 1587 1768 stricte

251 1796 295 1826 sic
312 1794 410 1825 dictos
428 1792 499 1836 jure
520 1791 574 1823 illo
592 1803 682 1834 teque
698 1803 733 1822 ac
750 1792 862 1833 Belgas
879 1792 961 1831 frui,
978 1793 1043 1824 sive
1062 1790 1113 1835 jus
1129 1791 1210 1822 illud
1225 1790 1388 1830 naturale,
1410 1791 1475 1821 sive
1492 1791 1586 1823 civile

252 1849 307 1885 sit3
331 1848 377 1878 sin
395 1857 468 1878 vero
486 1845 583 1885 illud,
603 1845 642 1877 de
658 1857 721 1888 quo
741 1847 861 1889 agitur,
884 1845 933 1890 jus
953 1845 1129 1889 peregrinis
1148 1845 1298 1877 universe
1319 1844 1513 1887 denegatum
1530 1845 1585 1885 sit,

252 1902 333 1934 nulli
352 1900 449 1932 dubio
469 1899 592 1939 subest,
614 1901 821 1943 peregrinum
842 1901 885 1931 ita
903 1900 1033 1931 demum
1052 1899 1107 1930 illo
1123 1898 1263 1942 gaudere
1280 1909 1383 1942 posse,
1404 1899 1429 1929 si
1447 1904 1585 1942 uterque

251 1954 390 1999 populus
415 1954 454 1985 de
483 1965 520 1984 eo
545 1965 620 1985 cum
643 1953 766 1985 civibus
790 1955 855 1986 suis
880 1960 995 1986 mutuo
1022 1953 1288 1985 communicando
1319 1954 1418 1996 pactis
1447 1953 1584 1997 publicis

254 2008 449 2042 convenerit.
481 2007 551 2049 (Cf.
574 2008 692 2038 Arrest.
714 2006 790 2038 Cur.
814 2007 897 2039 Cass.
920 2009 963 2038 22
988 2008 1060 2039 Jan.
1088 2007 1208 2050 1806.)

295 2103 353 2134 IX.
393 2101 555 2140 Diximus,
575 2100 623 2144 jus
640 2100 807 2144 Belgicum
829 2102 978 2134 futurum
997 2101 1183 2142 discrimen,
1200 2101 1284 2133 inter
1299 2106 1464 2133 extraneos
1479 2099 1584 2144 Belgii
