1747 2620
904 265 1019 310 (88)

295 345 344 379 Ex
364 345 489 378 cunctis
509 342 679 388 praecitatis
692 341 920 386 experimentis
935 340 1058 387 elucet,
1079 345 1197 383 quanta
1218 340 1258 371 sit
1276 340 1355 372 ae'ris
1372 340 1405 371 in
1424 340 1630 384 pulmonibus

295 401 430 445 pressio,
453 406 486 431 et
506 399 666 442 quodnam
687 396 803 428 exinde
824 396 969 438 exsurgit
988 395 1150 438 aspliyxiae
1172 394 1370 437 periculum,
1393 395 1538 439 illudque
1558 401 1631 428 tan-

296 463 366 489 tum
390 461 457 494 est,
485 460 523 485 ut
547 453 678 483 minime
707 450 851 481 dubitem
881 449 1022 488 referre,
1052 449 1110 479 nisi
1138 448 1177 479 ad
1202 449 1330 480 lethalia
1357 460 1396 481 ex
1423 451 1630 490 necessitate,

296 509 406 541 saltem
441 507 480 538 ad
505 517 562 549 per
595 516 627 535 se
662 502 845 542 mortifera,
876 502 981 532 omnia
1008 501 1161 541 vulnera,
1189 514 1261 545 quae
1297 514 1335 535 ex
1366 509 1503 547 utroque
1533 504 1631 536 latere

297 563 420 595 aditum
442 561 507 592 aeri
529 565 663 590 externo
683 558 716 588 in
738 557 874 600 pectoris
894 566 1008 587 cavum
1031 555 1223 587 concedunt.

340 617 388 647 Ex
404 612 658 658 piaecedentibus
674 609 980 643 considerationibus
996 608 1082 641 aliud
1100 609 1177 652 quid
1190 610 1295 642 adhuc
1311 611 1633 643 animadvertendum

296 669 443 713 profluit⁷
466 667 604 698 maxima
620 665 740 697 scilicet
758 663 942 704 difficultas,
960 674 1001 695 ne
1017 663 1121 695 dicam
1142 664 1391 707 impossibilitas,
1413 667 1632 708 experimenta

296 727 330 756 in
349 723 484 755 internis
504 720 656 752 Thoracis
679 719 804 762 organis
830 717 1030 749 instituendi.
1056 716 1130 748 Non
1150 719 1236 749 enim
1255 730 1423 761 possumus
1445 719 1516 750 liaec
1535 720 1634 750 attin-

297 789 393 822 ¹ere,
421 776 482 808 nisi
508 775 610 806 ablato
639 780 762 813 sterno,
788 778 844 804 aut
868 778 952 803 secto
977 771 1235 815 diaphragmate,
1265 773 1354 815 atqui
1381 773 1559 813 enimvero,
1585 773 1635 804 his

296 833 442 875 utrisque
462 831 554 862 sectis
573 828 724 871 aspliyxia
743 827 978 870 promptissime
997 826 1100 866 adest3
1123 825 1282 869 quomodo
1301 827 1401 870 igitur
1418 826 1541 870 aliquid
1556 828 1634 859 certi

298 898 336 918 ex
358 886 406 917 his
426 882 714 928 periclitationibus
736 892 850 912 eruere
872 879 1062 924 possemus?

709 1005 884 1037 SECTIO
937 1004 1226 1036 POSTERIOR.

332 1119 407 1146 QUAE
452 1117 536 1138 AGIT
582 1117 622 1136 DE
667 1114 884 1135 VULNERIBUS
929 1113 1086 1135 PARTIUM
1131 1113 1291 1134 TllonACE
1336 1113 1605 1136 CONTENTARUM.

344 1205 419 1235 Vita
444 1207 566 1234 constat
587 1213 604 1232 e
623 1201 704 1232 serie
727 1201 934 1232 functionum
957 1212 1029 1243 quae
1048 1200 1105 1231 sibi
1123 1206 1237 1232 mutuo
1258 1200 1408 1244 opitulari
1425 1201 1591 1242 videntur,
1607 1207 1640 1232 et

300 1270 372 1291 suas
396 1267 505 1288 omnes
529 1254 714 1297 singulatim
736 1255 820 1285 vires
845 1254 878 1284 in
902 1265 1004 1285 unum
1031 1254 1195 1293 conferre,
1226 1260 1263 1286 ut
1287 1261 1396 1286 contra
1421 1266 1471 1286 res
1492 1261 1639 1286 externas

300 1323 455 1355 magnum
477 1316 509 1341 et
528 1309 719 1340 continuum
741 1314 904 1339 certamen
925 1309 1117 1348 sustineant3
1137 1320 1202 1340 una
1224 1308 1348 1339 functio
1364 1308 1432 1339 aliis
1453 1319 1560 1340 carere
1575 1320 1640 1339 non

300 1372 419 1411 potest,
443 1366 523 1408 quin
544 1364 577 1395 in
597 1363 738 1394 deterius
757 1369 808 1394 eat
827 1363 1036 1406 organismus.
1062 1363 1150 1394 Inter
1171 1363 1228 1394 has
1250 1373 1375 1403 omnes,
1398 1368 1460 1394 tres
1480 1363 1641 1405 principes

301 1429 366 1453 tam
389 1425 465 1451 sunt
491 1419 564 1451 vitae
585 1417 786 1457 necessariae,
806 1422 843 1448 ut
867 1416 932 1447 unii
954 1415 1055 1448 aliave
1080 1427 1119 1447 ex
1140 1416 1188 1447 his
1208 1416 1435 1455 sufflaminata,
1462 1422 1526 1446 tota
1547 1427 1641 1459 orga—

301 1476 414 1507 nisatio
430 1475 462 1505 in
480 1472 748 1516 promptissimam
765 1476 899 1502 mortem
916 1475 1006 1510 ruat3
1024 1469 1209 1510 cerebrum,
1226 1482 1279 1501 cor
1295 1475 1327 1501 et
1341 1469 1509 1513 pulmones
1524 1470 1641 1501 harum

302 1528 508 1560 functionum
531 1531 606 1557 sunt
626 1537 761 1569 organa,
778 1530 810 1556 et
830 1524 902 1556 haec
917 1523 1069 1557 videntur
1087 1525 1121 1555 in
1141 1535 1272 1567 corpore
1294 1524 1535 1555 triumviratum
1552 1524 1643 1566 quasi

303 1583 484 1615 absolutum
504 1591 664 1612 exercere.
686 1580 780 1610 Prius
797 1578 904 1609 sedem
923 1590 1013 1609 suam
1036 1578 1158 1609 obtinet
1179 1579 1211 1609 in
1233 1578 1333 1609 cranii
1352 1583 1384 1608 et
1402 1577 1518 1608 canalis
1534 1583 1642 1610 verte-

303 1637 398 1668 bralis
431 1647 525 1674 cavo,
553 1634 627 1665 bina
655 1639 764 1664 autem
791 1632 887 1663 altera
915 1632 949 1662 in
982 1636 1110 1674 pectore
1135 1631 1261 1662 latitant
1284 1637 1316 1662 et
1340 1632 1517 1674 praecipuas
1544 1631 1642 1675 hujus

305 1691 504 1722 continentes
534 1693 639 1730 partes
661 1680 840 1718 efformant.
867 1686 988 1717 Harum
1016 1696 1104 1716 nunc
1132 1684 1265 1717 vulnera
1289 1686 1471 1716 examinare
1492 1684 1582 1715 nobis
1608 1685 1642 1715 in

304 1754 424 1776 munus
445 1742 532 1773 venit
552 1747 584 1772 et
604 1742 637 1771 in
661 1741 759 1771 hacce
780 1740 994 1783 expositione,
1015 1750 1066 1779 eo,
1090 1739 1147 1782 qni
1165 1739 1311 1782 sequitur
1328 1738 1438 1769 ordine
1454 1738 1642 1781 progredie-

305 1810 395 1831 mur:
421 1796 636 1829 circulationis
660 1806 851 1839 organorum
878 1794 985 1837 plagas
1013 1793 1299 1833 considerabimus,
1326 1804 1397 1836 quae
1424 1792 1476 1824 vel
1500 1793 1643 1835 pericar-

306 1854 412 1892 dium,
437 1847 486 1883 vel
511 1861 580 1888 cor⁷
605 1848 656 1881 vel
681 1848 799 1893 majora
820 1860 892 1880 vasa
918 1848 1042 1880 allicere
1063 1854 1210 1891 possunt3
1238 1848 1286 1879 his
1311 1847 1498 1890 pei-solum,
1525 1858 1642 1890 organa

307 1905 523 1950 respiratoria‚
542 1903 689 1947 pleuram
710 1903 846 1943 scilicet,
872 1903 1056 1946 pulmones,
1075 1902 1303 1945 tracheamque
1324 1901 1472 1932 arteriam
1494 1906 1526 1931 et
1544 1900 1643 1931 bron-

308 1962 378 1993 chia
408 1960 495 1992 vario
525 1957 617 1989 modo
644 1957 810 1989 vulnerata
837 1957 1089 2001 perpendemus3
1119 1957 1234 1988 deinde
1260 1956 1299 1987 acl
1320 1956 1380 1987 alia
1405 1956 1541 1999 pectoris
1565 1966 1642 1986 cavo

308 2020 456 2047 contenta
472 2024 606 2056 organa⁷
622 2012 866 2056 OEsophagum,
884 2012 1019 2044 ductum
1032 2012 1261 2051 Thoracicum,
1274 2009 1459 2054 glandulam
1477 2009 1642 2052 thymum,

308 2069 476 2111 variosque
502 2077 616 2098 nervos
641 2068 786 2098 animum
811 2073 957 2099 nostrum
981 2067 1195 2101 advertemus.
1226 2066 1304 2098 Tres
1328 2065 1428 2108 igitur
1454 2064 1522 2096 haec
1546 2063 1643 2094 sectio

309 2129 414 2167 partes
437 2120 579 2154 habebit.
