1747 2620
682 288 692 330 (
718 290 754 322 71
782 287 793 330 )

65 374 84 395 ))
102 364 305 395 transversim
333 363 520 395 musculum
554 362 810 405 trapesiformem
840 363 975 395 vulnere
1005 369 1144 407 quatuor
1174 369 1231 394 aut
1261 364 1406 406 quinque

64 429 84 448 ))
101 418 231 461 pollices
252 418 347 461 longo
374 418 499 458 affecit3
526 428 598 460 pars
619 428 748 460 quoque
769 417 969 449 rliomboi‘dei
992 424 1024 449 et
1044 423 1129 449 totus
1159 417 1228 448 fere
1257 417 1407 448 dentatus

64 482 83 502 ἰν)
99 473 254 514 posterior
272 478 304 503 et
327 473 473 514 superior
492 471 644 503 abscissus
664 477 750 511 erat,
773 472 865 503 tertia
888 478 1040 515 praeterea
1061 478 1144 503 costa
1166 471 1239 503 laesa
1261 472 1406 514 reperie-

66 537 85 556 ))
101 526 212 565 batur3
235 537 349 569 parum
375 526 538 568 sanguinis
562 526 667 557 amisit
685 527 854 558 sanciatus.
891 527 921 557 J.
945 528 981 558 L.
1005 527 1106 566 Petit,
1130 526 1232 558 diluto
1258 526 1408 565 vulnere,

64 590 83 610 ))
99 579 257 622 liquorem
270 580 426 623 applicuit
439 580 648 623 digestivum,
665 579 870 623 linteumque
882 587 1027 623 carptum
1043 580 1210 624 (charpie)
1226 581 1259 611 in
1275 580 1409 623 sangui-

63 644 81 663 ))
98 633 164 664 fera
189 645 260 664 vasa
282 639 364 664 secta
385 634 651 676 superimposuit3
671 633 796 664 duobus
815 634 928 676 elapsis
951 635 1080 674 diebus,
1103 635 1249 678 quinque
1268 634 1408 665 instituit

63 697 81 716 ))
97 692 217 718 suturae
237 693 357 730 puncta
379 694 410 718 et
427 687 533 719 debite
555 693 684 719 curatus
700 693 855 730 aegrotans
875 689 1042 719 sanitatem
1064 700 1154 719 suam
1171 687 1406 730 recuperavit.”

62 741 109 771 En
134 741 193 772 alia
210 741 387 774 observatio
409 742 531 773 accedit
547 742 612 784 (1):
638 753 656 772 >³
673 741 763 772 Miles
783 741 916 773 vulnere
936 742 1137 790 transversali
1155 748 1278 773 sectum
1294 741 1408 772 habuit

62 806 80 826 ))
97 795 250 839 majorem
270 796 425 827 dorsalem
442 796 480 827 ad
497 795 701 826 altitudinem
720 796 863 838 septimae
881 807 962 827 verae
982 801 1014 827 et
1032 796 1142 838 primae
1162 801 1255 826 costae
1271 796 1407 838 spuriae,

63 861 81 880 ))
97 849 220 882 hiatum
239 851 340 882 tribus
357 850 526 894 pollicibus
542 850 674 893 longum
690 850 851 893 praebebat
867 849 996 881 vulnus.
1014 849 1130 880 Tribus
1143 855 1263 880 suturae
1279 850 1408 892 punctis

62 914 79 933 ³)
96 904 250 935 institutis
275 910 307 935 et
334 904 406 947 apta
441 904 652 936 medicatione
685 904 847 944 adhibita,
879 910 1007 935 sanatus
1033 903 1096 934 fuit
1125 902 1317 934 sauciatus.’'
1349 902 1406 934 Illa

60 958 160 1000 igitur
180 958 327 1001 exempla
352 958 488 1001 probant
509 958 640 1001 grandia
663 958 884 989 musculorum
907 958 1041 990 vulnera
1067 963 1164 1000 atque
1187 957 1329 999 ingentia
1355 968 1407 987 sa-

60 1012 130 1042 nari
146 1023 253 1054 posse3
265 1023 372 1054 neque
389 1013 474 1043 enim
487 1018 563 1042 suut
577 1012 640 1042 sola
655 1011 740 1051 haec,
761 1011 859 1042 multa
884 1012 960 1042 citat
976 1012 1061 1043 Petit
1080 1011 1300 1043 musculorum
1311 1035 1319 1051 ,
1342 1017 1407 1042 tam

60 1064 214 1096 dorsalem
232 1077 327 1108 quam
345 1065 538 1107 pectoralem
553 1066 717 1108 regionem
734 1065 980 1107 occupantium,
999 1065 1145 1097 vulnera.
1162 1065 1194 1095 Si
1211 1065 1288 1096 tales
1303 1065 1407 1096 laesio—

59 1130 116 1150 nes
136 1119 296 1161 simplices
317 1125 393 1150 sunt
406 1143 414 1158 ,
437 1119 507 1150 fere
526 1130 652 1162 semper
672 1118 754 1149 labia
771 1118 1017 1161 conjunguntur
1034 1125 1066 1149 et
1083 1129 1143 1161 ope
1159 1118 1405 1161 emplastrornm

60 1172 333 1216 agglutinantium
359 1173 563 1212 retinentur,
589 1173 650 1203 hac
675 1173 762 1203 enim
783 1172 846 1203 sola
873 1172 1085 1204 medicatione
1111 1179 1267 1204 curantur
1290 1184 1407 1204 sanan-

59 1233 179 1270 turque
204 1227 262 1269 (2).
296 1227 453 1265 Quamvis
479 1233 587 1258 tamen
617 1226 811 1269 plerumque
837 1226 936 1257 nullis
961 1226 1187 1258 accedentibus
1209 1227 1407 1269 gravioribus

60 1281 327 1324 symptomatibus
350 1287 519 1319 sanentur,
547 1287 655 1311 tamen
677 1280 764 1310 haud
785 1291 911 1322 semper
934 1285 999 1310 tam
1022 1280 1109 1311 felici
1133 1281 1223 1312 exitu
1247 1281 1406 1324 gaudent,

60 1341 136 1366 sunt
161 1336 265 1374 enim,
295 1340 496 1366 asseverante
524 1335 609 1366 Petit
633 1334 700 1376 (3),
729 1333 797 1364 loca
823 1333 972 1376 quaedam
998 1335 1032 1365 in
1058 1334 1210 1366 Thoracis
1237 1336 1407 1378 superficie

60 1401 199 1432 quorum
221 1390 268 1432 (4)
289 1389 423 1420 vulnera
441 1390 570 1431 gravius
588 1388 743 1419 damnum
766 1399 939 1430 provocare
958 1394 1105 1431 possunt:
1125 1388 1193 1419 haec
1213 1394 1321 1420 autem
1338 1388 1406 1420 loca

59 1450 134 1476 sunt
164 1443 276 1487 majori
305 1443 475 1486 pectorali,
502 1442 616 1474 dorsali
646 1447 743 1484 atque
769 1441 982 1484 trapesiformi
1009 1441 1151 1483 obtecta3
1189 1442 1295 1486 gladio
1318 1444 1406 1475 enim

62 1498 236 1530 vulneratis
256 1498 306 1529 his
326 1497 485 1541 partibus,
507 1498 636 1541 sanguis
658 1497 689 1527 iu
718 1495 904 1541 subjacente
925 1496 987 1528 tela
1009 1496 1158 1527 cellulosst
1182 1497 1344 1540 colligitur
1365 1509 1405 1529 ex

61 1562 98 1582 eo
123 1551 208 1594 quod
229 1563 293 1582 non
315 1558 419 1594 potest
443 1563 499 1594 per
522 1551 625 1594 plagae
649 1551 808 1582 orificium
830 1550 977 1589 effluere,
1000 1551 1151 1593 quoniam
1175 1551 1308 1583 directio
1331 1552 1406 1583 vul—

61 1605 147 1636 neris
168 1605 389 1636 musculorum
411 1606 629 1636 contractione
650 1610 772 1636 mutata
800 1604 919 1644 fuerit,
944 1605 1033 1648 atqui
1053 1606 1183 1648 sanguis
1202 1605 1256 1637 ille
1276 1611 1405 1648 putres-

60 1658 162 1689 cendo
182 1658 486 1698 inflammationem,
512 1659 797 1701 suppurationem,
819 1659 884 1690 imo
906 1670 1108 1702 gangraemam
1133 1660 1273 1703 partium
1297 1660 1406 1691 deter-

60 1713 184 1743 minare
208 1712 302 1743 valet.
334 1712 431 1751 Quod
454 1712 574 1744 vulnus
594 1712 691 1744 efficit
711 1712 825 1744 natura
846 1714 918 1752 sua,
941 1724 1089 1756 perversa
1115 1714 1212 1745 etiam
1236 1714 1405 1746 medicatio

61 1765 185 1797 efficere
201 1771 320 1808 potest3
341 1777 415 1797 nam
435 1767 476 1805 si,
497 1766 585 1798 verbi
603 1767 713 1807 causa,
737 1767 830 1811 plaga
847 1768 986 1799 multum
1005 1769 1168 1811 sanguinis
1185 1769 1405 1811 suppeditaret

60 1830 99 1851 ex
114 1820 240 1851 ramulo
260 1820 399 1863 quodam
422 1820 473 1852 vel
493 1822 643 1853 arterioso
666 1822 717 1853 vel
736 1833 852 1854 venoso
870 1822 1074 1865 profluentiS‚
1096 1823 1203 1864 sique,
1226 1834 1301 1854 vase
1320 1823 1402 1866 liga-—

59 1874 132 1905 tura
150 1886 215 1906 non
231 1875 418 1915 constricto,
437 1874 579 1907 vulneris
597 1876 678 1908 labia
696 1876 823 1908 sibimet
838 1876 1068 1921 jungerentur,
1087 1876 1169 1907 latex
1188 1876 1291 1909 vitalis
1305 1879 1401 1909 etiam

119 1987 152 2016 (ι’)
170 1987 247 2015 Petit,
265 1988 383 2011 matadies
400 1989 527 2021 chirurg.‚
550 1995 613 2014 tom,
632 1993 655 2014 I.
676 2000 734 2023 pag.
754 1993 793 2022 74.

120 2029 153 2057 (2)
169 2029 262 2058 Boyer,
282 2029 399 2052 maladies
417 2030 544 2061 chirurg.,
564 2036 625 2054 tom.
647 2032 709 2055 Vlt.
730 2040 788 2062 pag.
807 2032 863 2059 256,
885 2030 946 2054 edit.
969 2030 1097 2053 Parisinae.

121 2068 154 2096 (5)
172 2067 249 2095 Petit,
267 2068 286 2090 l.
308 2068 424 2094 1.,ιοω.
445 2071 467 2092 1.
490 2078 546 2101 pag.
567 2071 607 2093 61.

121 2108 153 2136 (4)
171 2107 271 2137 Propter
289 2107 391 2132 latentia
408 2109 452 2132 sub
467 2110 504 2132 his
521 2118 578 2133 vasa
596 2111 747 2142 sanguifera.
