1747 2620
692 255 805 299 (99)

81 349 100 370 ))
117 337 261 375 duravit,
288 336 395 367 mitior
414 333 531 365 sensim
552 332 634 363 facta
655 336 702 362 est
724 335 795 372 post
820 334 882 359 tres
904 333 1073 371 sequentes
1094 339 1208 367 annoS‚
1235 333 1268 359 et
1290 328 1418 360 tandem

81 391 303 424 »individuus
327 389 381 421 ille
410 388 488 419 obiit
513 393 582 431 post
606 397 660 417 sex
687 395 785 415 annos
809 395 826 414 a
853 382 987 414 vulnere
1018 387 1161 424 recepto,
1190 382 1299 413 morbo
1325 383 1420 425 periit

80 459 100 478 J)
117 444 304 478 nullomodo
324 455 340 474 a
365 441 467 473 cordis
488 439 749 484 palpitationibus
770 437 984 480 dependente.
1012 436 1155 468 Medicus
1171 435 1346 476 Maussion,
1364 438 1420 480 qui

83 513 102 531 ))
118 499 297 531 nosocomio
316 496 489 528 Aureliano
511 500 659 538 praeerat,
676 492 813 536 hujusce
831 491 965 523 cadaver
982 490 1085 521 secuit
1099 489 1296 521 adstantibus
1315 491 1422 521 omni-

82 565 101 585 »
117 553 177 584 bus
198 553 263 583 sufs
280 549 460 592 discipulis,
482 548 726 590 observavitque
748 546 946 585 cicatricem,
967 544 1102 576 vulnere
1122 544 1327 587 productam,
1345 556 1422 587 pro-

83 619 101 638 »
118 605 339 638 fundissimam
367 614 452 643 esse,
485 609 602 634 costam
627 603 761 633 fractam
790 601 839 632 sui
866 600 1045 642 portionem
1071 599 1232 638 amisisse,
1263 605 1295 629 et
1319 610 1422 641 quum

83 658 313 703 »profundius
333 657 577 701 perquisitiones
598 667 670 687 suas
693 655 861 686 instituere
889 652 999 692 vellet,
1023 652 1164 692 invenit,
1191 652 1278 695 quod
1301 653 1423 683 miran-

82 726 102 746 ))
118 713 212 745 dum!
236 711 377 743 Globum
395 710 620 754 sclopetarium
637 711 670 740 in
691 708 793 740 cordis
810 706 991 739 ventriculo
1008 706 1120 737 dextro
1146 705 1234 737 haud
1254 706 1369 749 procul
1384 706 1424 738 ab

82 766 216 810 »hujus
235 775 406 804 mucrone,
429 765 545 807 partim
567 762 744 805 pericardio
766 761 941 793 obductum
963 766 996 791 et
1014 766 1103 802 septo
1121 760 1207 791 inter
1228 761 1424 793 ventriculos

81 833 101 853 2)
118 820 224 852 medio
244 816 519 850 incumbentem.”
545 817 620 847 Haec
637 815 766 848 videtur
785 815 898 846 relatio
916 814 990 845 luce
1013 814 1187 845 meridiana
1204 814 1320 846 clarius
1347 827 1424 858 pro—

80 874 174 914 bare,
191 872 326 906 vulnera
348 883 401 903 cor
417 870 612 914 perforantia
629 870 799 901 sanationis
816 869 943 912 capacia
960 879 1044 900 esse:
1066 875 1207 900 attamen
1231 869 1256 900 si
1277 869 1425 901 animad—

81 929 237 962 vertimus
253 926 397 958 millenas
416 925 554 956 existere
566 924 614 967 (1)
630 924 879 962 observationes,
892 933 967 965 quae
980 922 1075 953 corde
1090 923 1244 953 sauciatos
1259 923 1424 966 protinus,

82 979 246 1015 velbrevi
277 980 388 1012 saltem
416 984 486 1022 post
511 978 631 1011 vulnus
662 983 832 1020 acceptum
858 982 1023 1019 tempore,
1053 976 1159 1019 perire
1183 976 1423 1018 demonstrant,

82 1035 256 1069 dummodo
291 1035 436 1066 omnium
473 1038 642 1064 auctorum
671 1031 843 1063 sententias
871 1030 922 1072 (2)
956 1030 1155 1074 colligimuS,
1191 1032 1247 1074 qui
1277 1031 1426 1062 unanimi

81 1100 238 1122 consensu
263 1088 397 1121 vulnera
422 1086 524 1118 cordis
547 1077 690 1117 absolute
718 1083 849 1115 lethalia
871 1094 937 1114 esse
961 1085 1175 1122 conveniunt,
1201 1083 1289 1114 illam
1316 1084 1426 1115 obser—

80 1145 242 1178 vationem
265 1143 314 1174 uti
338 1152 447 1173 casum
471 1140 644 1171 fortuitum
669 1138 810 1180 aspicere
831 1148 1015 1180 possumUS‚
1037 1138 1093 1179 qui
1116 1137 1303 1169 nullomodo
1323 1143 1427 1180 potest

80 1197 227 1241 regulam
256 1196 340 1227 hanc
367 1195 531 1226 infirmare
564 1190 765 1236 generalem3
794 1201 870 1221 nam
902 1190 1067 1222 enimvero
1103 1190 1191 1222 nulla
1221 1191 1329 1222 existit
1357 1192 1426 1223 sine

81 1250 270 1294 exceptione
295 1248 423 1292 regula3
444 1253 476 1279 et
500 1247 647 1290 quamvis
667 1243 789 1287 regulae
809 1243 952 1285 generali
975 1243 1104 1274 cuidam
1127 1244 1257 1276 accedat
1278 1247 1426 1288 exceptio

81 1317 146 1337 una
163 1304 281 1343 aliave,
298 1303 352 1335 illa
370 1301 581 1333 nihilominus
597 1309 723 1342 semper
737 1297 856 1329 stabilis
874 1304 992 1330 manet.
1018 1299 1190 1331 Possumus
1211 1300 1311 1343 igitur
1327 1306 1425 1344 atque

81 1359 237 1391 debemus
265 1357 427 1389 declarare
453 1356 560 1387 omnia
583 1354 740 1394 vulnera,
770 1364 844 1396 quae
872 1352 974 1383 cordis
1001 1351 1211 1385 substantiam
1237 1354 1425 1397 perforant,

81 1414 224 1446 absolute
245 1418 278 1443 et
298 1411 475 1443 necessario
493 1408 623 1441 lethalia
640 1418 718 1439 esse.
740 1406 802 1438 Sed
817 1406 964 1449 quamvis
983 1405 1038 1437 illa
1053 1407 1227 1439 certissime
1245 1408 1426 1440 sauciatum

80 1479 178 1500 suum
202 1472 337 1506 necent,
364 1471 472 1496 tamen
500 1463 627 1495 lethum
652 1473 719 1493 non
745 1472 871 1504 semper
897 1461 960 1491 cito
986 1471 1096 1504 gressu
1122 1460 1287 1503 procedit,
1317 1461 1426 1493 differt

82 1522 170 1553 enim
188 1521 298 1551 mortis
318 1525 350 1551 et
368 1529 470 1562 genus
486 1524 519 1549 et
537 1517 698 1555 celeritas,
721 1527 779 1559 pro
799 1515 893 1546 variis
911 1514 1056 1558 partibus
1074 1515 1227 1557 pertusiS,
1245 1521 1277 1546 et
1292 1515 1425 1558 quidem

83 1574 254 1618 aliquando
266 1574 433 1613 miramur,
444 1572 570 1604 tamdiu
580 1570 734 1615 quosdam
744 1569 839 1601 corde
850 1569 1004 1600 sauciatos
1012 1569 1109 1601 vitam
1119 1580 1210 1600 suam
1221 1570 1423 1612 protraxisse.

127 1628 304 1659 Videamus
337 1638 426 1658 nunc
457 1637 530 1669 quae
559 1625 695 1658 vulnera
727 1624 821 1656 citius
856 1623 1036 1666 perimant,
1066 1634 1218 1666 quaenam
1245 1634 1321 1656 vero
1349 1635 1425 1655 sau—

83 1683 180 1714 ciatos
205 1682 294 1713 letho
322 1693 387 1713 non
413 1682 458 1712 ita
486 1681 612 1724 repenti
640 1679 799 1720 afficiant,
833 1678 987 1710 sectiones
1015 1677 1254 1718 auricularum,
1286 1689 1425 1721 quarum

82 1736 220 1780 parietes
236 1736 416 1767 tenuissimi
437 1741 528 1775 sunt,
550 1746 677 1778 semper
695 1740 877 1778 promptam
901 1738 1037 1764 mortem
1057 1738 1129 1775 post
1153 1743 1185 1763 se
1204 1732 1355 1773 trahunt,
1380 1732 1424 1764 ita

80 1797 119 1823 ut
139 1801 249 1822 omnes
268 1796 414 1821 auctores
434 1789 552 1821 harum
571 1788 713 1820 laesiones
734 1789 782 1820 uti
797 1793 945 1831 prompte
959 1786 1094 1818 lethales
1109 1785 1248 1817 habeant
1262 1786 1325 1829 (3);
1348 1786 1424 1817 citat

81 1851 190 1877 tamen
225 1844 331 1887 Boyer
358 1843 407 1886 (4)
442 1842 606 1874 historiam
640 1843 801 1875 insolitam
833 1841 1008 1874 admodum
1042 1847 1076 1872 et
1109 1852 1213 1872 raram
1226 1865 1234 1881 ,
1264 1842 1424 1873 sauciatus

143 1960 176 1990 (1)
193 1959 229 1982 De
246 1959 335 1988 senae,
351 1959 369 1981 1.
388 1959 422 1987 1,,
441 1963 500 1982 tom.
517 1960 551 1982 II.
568 1966 623 1990 pag.
639 1959 693 1982 430.

143 2000 176 2029 (2)
193 1999 347 2027 Richeraud,
376 1999 470 2028 Boyer,
493 1999 528 2021 De
548 2000 638 2026 Senac,
666 1998 791 2026 Bohnius,
814 1997 931 2028 Metzger,
953 1996 1089 2027 Plouquet,
1115 1996 1206 2026 orfiia,
1226 1996 1381 2020 Hebenstreit
1399 2000 1423 2019 et

83 2046 166 2063 omnes
184 2038 288 2068 denique
305 2038 347 2068 qui
366 2038 395 2061 de
411 2038 533 2061 medicina
547 2039 639 2062 forensi
654 2039 771 2063 scribunt.

143 2080 177 2109 (3)
194 2079 230 2102 De
246 2079 335 2106 Senac,
351 2085 406 2108 pag.
422 2078 476 2101 452.
496 2077 589 2109 Boffler,
607 2084 666 2103 torn.
682 2080 740 2105 V11.
756 2086 810 2110 pag.
828 2078 880 2101 268.
900 2076 990 2108 orma,
1007 2077 1026 2101 1.
1044 2077 1075 2107 1.,
1093 2084 1146 2108 pag.
1163 2077 1216 2100 654.

145 2120 178 2149 (4)
195 2119 269 2144 Libro
287 2117 401 2148 laudato,
421 2125 476 2149 pag.
495 2118 546 2141 268.
