1747 2620
710 270 823 313 (31)

99 427 123 470 ἓ
145 427 199 459 ΠΙ.
233 438 270 459 οε
289 437 389 459 υειΒυε
409 436 596 457 effimnoaom
620 433 809 456 ORGANORUM
831 435 969 456 rnc'roms
991 434 1130 456 umarus
1154 435 1425 457 cowsn‘russwrmm.

144 552 278 583 Arteriae
297 551 464 591 Thoracis,
490 552 539 583 uti
564 563 673 583 omnes
694 552 817 584 arteriae
841 552 1048 595 sanguinem,
1072 553 1279 596 respiratione
1299 553 1333 583 in
1353 552 1429 595 pul-

100 604 248 643 monibus
266 604 409 636 vividum
425 610 458 636 et
473 604 607 636 rubrum
624 605 802 645 redditum,
824 606 947 637 cunctis
962 606 1098 649 pectoris
1117 605 1260 649 partibus
1275 606 1431 646 afferunt,

101 663 138 689 ut
161 658 244 700 ipsas
270 658 415 697 nutriat,
444 658 571 701 illisque
598 659 750 690 animales
778 659 908 701 spiritus
933 660 1166 700 communicet3
1198 660 1431 700 intercostales‚

99 711 253 743 musculis
269 711 412 756 ejusdem
433 713 587 752 nominis3
609 713 803 743 mammariae
821 713 972 752 internae,
993 712 1197 744 interioribus
1218 714 1353 756 pectoris
1374 725 1433 756 pa-

99 764 249 806 rietibus;
272 765 472 805 acromiales,
494 766 676 797 Thoracicae
693 765 873 808 superiores
887 771 920 796 et
934 766 1128 797 mammariae
1144 772 1285 797 externae
1304 766 1432 798 laticem

100 818 231 851 vitalem
265 825 361 850 strato
386 819 564 851 musculoso
598 819 791 861 superficiali
825 819 1059 862 dispertiuntur
1092 825 1189 863 atque
1224 819 1431 851 distribuunt.

100 871 167 911 Qui
186 878 352 915 postquam
377 873 411 903 in
434 872 615 904 nutriendis
637 873 771 916 singulis
796 873 846 904 his
871 873 996 916 organis
1025 884 1135 904 omnes
1159 884 1231 905 suas
1258 873 1347 905 dotes
1367 884 1434 905 nu-

101 926 221 958 tritivas
241 927 361 966 amisit,
383 926 501 958 iterum
526 932 718 969 transgresso
737 932 906 970 systemate
927 926 1070 970 capillari
1085 938 1217 966 venoso,
1241 938 1300 970 per
1320 938 1432 967 venas,

99 980 288 1011 arteriarum
318 979 536 1023 undequaque
569 981 721 1021 comites,
756 981 858 1012 cordis
887 981 1075 1013 cavitatibus
1109 981 1228 1013 dextris
1255 987 1288 1012 et
1315 980 1433 1012 exinde

101 1033 293 1076 pulmonum
316 1034 432 1065 actioni
453 1034 614 1074 redditur,
637 1041 675 1066 ut
693 1035 800 1066 denuo
819 1035 1047 1067 revivificetur.

145 1086 227 1118 Vasa
246 1086 441 1130 lymphatica
467 1093 530 1119 tam
561 1087 770 1131 superficialia
794 1099 889 1131 quam
919 1088 1078 1131 profunda
1107 1087 1299 1131 absorptioni
1324 1098 1433 1119 rerum

100 1141 285 1172 oeconomiae
309 1140 439 1172 animali
460 1141 726 1182 necessariarum,
754 1141 806 1174 vel
826 1140 1014 1173 inhalationi
1039 1142 1183 1173 omnium
1203 1141 1434 1173 molecularum

100 1194 380 1234 constituentium,
406 1206 478 1237 quae
502 1200 669 1238 postquam
691 1195 950 1226 animalisationis
969 1194 1067 1226 stadia
1093 1195 1327 1237 percurrerint,
1348 1196 1435 1238 ipso-

99 1258 239 1290 rumque
259 1259 450 1290 organorum
476 1259 547 1291 pars
573 1248 736 1290 integrans
757 1248 897 1288 fuerint,
928 1248 1042 1290 (novis
1067 1247 1210 1290 partibus
1237 1249 1380 1291 ipsorum
1400 1248 1434 1280 in

99 1300 206 1332 locum
228 1301 494 1344 accedentibus,)
517 1312 556 1333 ex
578 1301 752 1332 oeconomia
775 1302 823 1333 uti
848 1302 1018 1345 superfluae
1038 1302 1196 1333 eliminari
1217 1302 1347 1334 debent.

143 1355 243 1388 Nervi
276 1355 413 1398 duplicis
439 1355 564 1398 generis
592 1366 668 1386 usus
692 1356 965 1398 praestantissimos
993 1355 1130 1387 Thoraci
1155 1355 1316 1398 praebent:
1342 1356 1434 1387 nervi

100 1407 221 1440 scilicet
241 1409 313 1441 vitae
335 1407 494 1448 animalis,
520 1413 632 1451 utpote
662 1409 719 1452 qui
748 1407 881 1453 jubente
911 1409 1076 1441 voluntate
1101 1415 1220 1452 agunt,
1250 1410 1284 1441 in
1308 1407 1434 1453 placida

101 1462 308 1505 respiratione
326 1461 408 1493 nihil
427 1462 495 1493 sere
513 1462 699 1504 perficiunt,
724 1463 986 1506 quandoquidem
1006 1464 1198 1507 respiramus
1218 1470 1297 1496 tunc
1314 1464 1434 1507 absque

101 1525 140 1546 eo
154 1521 192 1547 ut
206 1516 354 1547 certiores
367 1515 464 1560 hujus
480 1516 611 1547 actionis
626 1517 750 1547 fiamus:
765 1527 815 1548 res
835 1522 944 1548 autem
961 1528 1028 1549 sese
1043 1517 1135 1549 aliter
1147 1517 1244 1549 habet
1260 1518 1294 1548 in
1314 1517 1433 1549 difficili

103 1569 309 1610 respiratione
328 1575 360 1600 et
379 1570 412 1600 in
436 1569 599 1613 dyspnaefi,
621 1575 700 1601 tunc
718 1576 825 1602 autem
848 1582 912 1601 non
933 1571 1036 1602 solum
1056 1573 1147 1603 nervi
1167 1571 1306 1614 organici
1328 1571 1379 1603 vel
1399 1572 1432 1602 in

104 1622 343 1665 diaphragmate
359 1623 410 1654 vel
429 1623 462 1653 in
478 1624 731 1656 intercostalibus
752 1626 908 1655 actionem
929 1635 1019 1656 suam
1036 1630 1190 1664 exerunt,
1211 1624 1265 1656 sed
1280 1630 1432 1667 praetcrea

103 1676 195 1708 nervi
224 1676 375 1707 animales
402 1677 475 1707 istos
504 1677 664 1709 musculos
689 1678 843 1710 adeuntes
872 1678 1001 1709 illorum
1032 1679 1262 1709 contractiones
1295 1684 1432 1721 augent,

108 1729 184 1769 quin
204 1729 269 1760 imo
285 1740 394 1760 omnes
415 1729 554 1761 musculi
573 1730 742 1774 adjutorii,
761 1731 933 1763 voluntatis
954 1733 1088 1775 imperio
1108 1731 1241 1771 subditi,
1260 1731 1434 1774 pectorales

107 1778 189 1819 bini,
205 1781 340 1821 dentati,
356 1782 560 1822 subclaveus,
578 1789 655 1824 etc.‚
671 1784 768 1816 simul
783 1785 855 1816 totis
874 1787 938 1816 suis
955 1785 1075 1817 viribus
1089 1785 1248 1825 laborant,
1266 1791 1304 1816 ut
1319 1797 1432 1818 cavum

109 1832 256 1865 Thoracis
274 1837 454 1878 amplietur.
479 1837 553 1868 Vita
573 1838 673 1881 igitur
693 1844 725 1869 et
746 1840 892 1881 organica
913 1845 945 1870 et
965 1839 1109 1871 animalis
1130 1840 1161 1869 in
1180 1839 1319 1882 dyspnea
1337 1839 1433 1870 simul

110 1894 305 1918 concurrunt
325 1895 362 1919 ut
384 1890 548 1932 respiratio
573 1891 786 1934 producatur3
812 1893 887 1924 hinc
911 1894 1048 1924 maxima
1070 1893 1188 1924 virium
1209 1893 1375 1936 prostratio
1399 1894 1432 1924 in

109 1940 335 1981 aegrotantibus
358 1943 418 1973 tale
439 1944 517 1986 quid
539 1946 703 1987 perpessis.

151 1993 252 2024 Paulo
285 2005 398 2036 supra,
429 1996 468 2027 de
499 1998 650 2029 musculis
675 1999 889 2041 respirationis
920 1998 1109 2041 loquentes,
1140 1998 1279 2031 diximus
1307 2000 1368 2031 illis
1398 2006 1429 2031 et

108 2047 306 2089 potissimum
340 2047 568 2091 diaphragmati
600 2057 632 2082 et
661 2051 913 2083 intercostalibus
954 2051 1074 2095 aliquid
1112 2052 1213 2084 inesse
1246 2053 1408 2096 peculiare
1421 2077 1431 2094 ,
