1747 2620
716 250 830 294 (21)

585 375 634 395 DE
677 373 959 396 MEDIASTINIS.

154 460 378 492 Mediastinum
401 460 556 503 posterius
578 459 784 491 directionem
807 459 904 491 habet
921 461 1104 493 verticalem
1126 467 1158 492 et
1185 460 1351 492 directioni
1378 472 1433 491 co-

110 513 229 545 lumnae
244 513 426 546 vertebralis
436 513 618 556 parallelam
627 538 636 553 ,
647 513 745 557 vulgo
754 513 871 545 dicitur
883 515 1109 558 triangularem
1122 516 1257 558 figuram
1267 513 1396 554 habere,
1409 515 1434 545 si

109 572 216 598 tamen
229 566 361 597 Buisson
373 566 448 597 fides
460 566 636 597 adhibenda
649 572 711 606 est,
724 566 1012 609 quadrangularem
1026 568 1131 611 potius
1142 568 1276 599 formam
1289 567 1432 607 affectat3

108 630 224 662 organa
249 619 386 651 includit
404 619 595 650 nobilissima
622 619 850 662 OEsophagum
874 620 1013 660 scilicet,
1036 621 1165 652 Aortam
1187 620 1433 652 descendentem

108 671 307 715 ductumque
341 672 564 704 Thoracicum.
604 672 828 703 Mediastinum
862 673 1002 703 anterius
1032 684 1096 703 non
1126 672 1433 715 perpendiculariter

107 724 238 767 quidem
259 724 426 768 dirigitur,
451 725 504 756 sed
526 737 542 756 a
563 724 780 768 superioribus
799 724 927 767 oblique
947 725 987 755 ad
1002 725 1152 756 inferiora
1173 732 1203 756 et
1224 737 1240 755 a
1265 725 1375 756 dextra
1395 726 1434 756 ad

107 777 219 809 laevam
239 778 358 821 vergit,
377 779 420 809 ita
440 784 477 810 ut
501 789 627 809 sursum
649 777 837 820 respondeat
857 778 1095 821 cartilaginibus
1115 778 1283 810 costalibus
1298 779 1433 818 dextris,

106 831 140 861 in
161 831 263 862 media
288 837 378 873 parte
402 837 507 862 sterno
520 855 528 871 ,
550 832 583 862 in
605 831 757 862 inferiore
777 842 852 863 vero
874 830 1210 875 fibro-cartilaginibus
1231 832 1380 872 sinistris,
1408 832 1434 863 si

105 889 210 915 sterno
245 884 348 915 ablato
382 884 618 915 consideramus
648 884 872 915 mediastinum
901 886 1061 925 anterius,
1091 885 1226 916 formam
1255 886 1288 916 X
1311 897 1377 928 prae
1401 897 1434 916 se

104 936 184 974 fert,
197 937 290 981 cujus
304 949 397 969 crura
412 938 562 968 inferiora
577 938 675 979 magis
691 948 799 970 revera
812 949 909 979 quam
920 939 1081 980 superiora
1099 950 1116 970 a
1128 950 1161 970 se
1179 939 1311 979 distant,
1329 950 1434 981 quan-

105 989 277 1032 doquidem
299 991 333 1020 in
355 996 446 1033 parte
466 990 617 1021 Thoracis
637 992 799 1033 superiore
818 990 894 1022 bina
913 991 1037 1034 pleurae
1058 992 1176 1024 lamina
1194 994 1331 1035 spatium
1350 995 1433 1024 inter

105 1053 138 1073 se
160 1042 348 1085 relinquunt
372 1043 583 1086 triangulare,
607 1043 705 1074 basim
730 1055 856 1075 sursum
881 1045 1002 1087 apicem
1028 1045 1176 1077 deorsum
1197 1046 1333 1085 habens,
1357 1046 1433 1088 thy-

105 1107 260 1138 mumque
280 1097 314 1126 in
331 1088 422 1126 aetate
438 1096 577 1127 infantili
600 1097 779 1136 continens3
801 1097 833 1127 in
844 1103 934 1138 parte
947 1098 1092 1129 mediana
1107 1105 1214 1130 autem
1232 1099 1357 1130 sibimet
1375 1111 1434 1141 ap-

103 1148 264 1191 plicantur
285 1160 423 1191 moxque
451 1147 513 1190 (ad
537 1149 722 1181 inferiorem
745 1149 864 1181 scilicet
882 1151 1023 1193 ipsorum
1052 1151 1249 1194 portionem)
1272 1153 1389 1183 iterum
1415 1164 1433 1182 a

103 1212 169 1232 sese
191 1201 359 1233 discedunt
378 1203 581 1245 spatiumque
606 1202 712 1234 denuo
727 1203 923 1245 triangulare
940 1204 1145 1248 relinquunt,
1167 1204 1266 1236 basim
1285 1205 1433 1237 deorsum

102 1255 225 1298 apicem
250 1267 375 1287 sursum
400 1255 537 1296 habens,
562 1261 595 1287 et
616 1267 670 1287 cor
690 1256 870 1288 involvens.

575 1375 622 1394 DE
671 1374 957 1395 PULMONIBUS.

144 1459 318 1491 Pulmones
345 1470 363 1490 e
394 1458 544 1490 ductibus
564 1458 723 1497 a'e'riferis,
750 1464 919 1501 systemate
940 1459 1061 1502 duplici
1088 1461 1285 1503 sanguise-ro,
1313 1473 1436 1504 paren-

104 1512 249 1555 chymate
276 1513 420 1556 proprio,
449 1519 481 1543 et
499 1518 651 1555 praeterea
678 1512 801 1542 arteriis
819 1518 851 1543 et
874 1513 963 1545 venis
985 1514 1067 1556 ipsos
1090 1515 1326 1554 nutrientibus,
1357 1526 1430 1557 quae

103 1566 207 1596 omnia
231 1566 315 1597 iuter
339 1577 373 1596 se
394 1566 457 1597 tela
479 1565 628 1597 cellulosa
654 1566 832 1605 uniuntur,
860 1566 1059 1598 conflantur:
1087 1567 1162 1598 bina
1185 1568 1284 1611 spatia
1309 1567 1429 1611 pleuris

103 1618 340 1661 circumscripta
363 1620 491 1650 omnino
513 1619 655 1662 replent3
682 1619 823 1661 ipsorum
844 1619 996 1651 volumen
1016 1621 1050 1651 in
1070 1626 1155 1652 statu
1176 1621 1315 1653 naturali
1334 1633 1430 1664 capa*

102 1671 196 1709 citate
216 1671 367 1702 Thoracis
389 1672 521 1704 relativa
552 1678 618 1712 est3
654 1672 790 1704 formam
815 1684 881 1716 prae
904 1685 938 1705 se
963 1674 1074 1705 ferunt
1100 1675 1302 1715 conoi'deam,
1327 1675 1426 1707 basim

101 1724 251 1765 inferius,
276 1726 399 1768 apicem
422 1737 548 1757 sursum
569 1725 752 1757 habentem.
789 1726 871 1758 Cum
895 1727 1064 1770 pulmones
1084 1728 1235 1759 Thoracis
1261 1729 1427 1761 involucro

104 1778 227 1808 nonnisi
242 1790 258 1809 a
273 1785 363 1821 parte
377 1779 551 1819 anterio-re,
567 1779 689 1810 laterali
705 1785 737 1810 et
748 1781 919 1822 posteriore
930 1781 1158 1824 respondeant,
1173 1782 1269 1813 facies
1285 1783 1426 1825 ipsorum

104 1828 228 1861 iuterna
250 1832 369 1863 variare
390 1832 499 1872 debet,
524 1834 630 1875 prouti
652 1833 775 1865 variant
798 1845 852 1865 cor
872 1840 968 1877 atque
994 1847 1109 1878 organa
1135 1837 1216 1878 ipsos
1239 1836 1324 1867 inter
1348 1838 1424 1868 sita:

104 1882 218 1913 exinde
244 1885 386 1926 sequitur
409 1886 596 1928 pulmonem
626 1887 776 1919 dextrum
796 1887 942 1920 latiorem
963 1900 1029 1919 esse
1059 1900 1154 1931 quam
1177 1889 1309 1931 quidem
1332 1891 1425 1921 sinis-

104 1940 210 1974 trum,
236 1937 392 1977 presentia
413 1939 513 1970 cordis
541 1939 753 1983 impeditum3
779 1941 1032 1983 pulmonemque
1060 1942 1222 1973 sinistrum
1247 1942 1424 1986 longiorem

102 1987 232 2030 quidem
257 1999 352 2030 quam
378 1989 527 2023 dextrum
551 2003 643 2033 esse,
666 1994 738 2026 ideo
765 1994 852 2036 quod
879 1994 933 2025 ille
958 1993 1146 2038 subjacente
1167 1995 1282 2039 hepate
1309 1998 1342 2027 in
1367 1997 1422 2028 sua

100 2040 300 2084 longitudine
322 2041 490 2075 cohibitur.
518 2045 623 2077 Conus
648 2047 858 2090 caeteroquin,
881 2058 978 2090 quem
1004 2047 1175 2091 pulmones
1192 2056 1421 2092 representant,
