1747 2620
896 261 1031 304 (116)

297 352 315 371 )>
333 340 463 371 fuerant
489 337 672 370 immediate
697 336 876 381 conjunctae
900 347 959 379 ope
984 335 1227 377 emplastrorum
1255 335 1537 378 agglutinantium.
1567 335 1629 367 Ae'r

297 406 350 427 »e
379 394 533 438 pulmone
563 404 736 435 erumpens
765 393 797 422 in
824 391 960 434 pectoris
990 402 1104 422 cavum
1135 400 1192 431 per
1218 388 1314 420 telam
1343 389 1527 421 cellularem
1552 400 1628 432 pro—

296 461 315 480 ))
331 450 444 491 serpsit
464 454 498 478 et
520 453 621 478 totum
650 457 765 488 corpus
788 445 914 475 invasit.
945 445 1115 487 Perspecto
1140 443 1289 483 vulnere,
1316 445 1435 488 Larrey
1460 444 1629 487 emplastra

296 515 316 536 »
332 502 477 540 abstulit,
503 501 622 533 vulnus
648 511 686 530 ex
708 505 847 541 utroque
870 499 968 529 latere
991 498 1086 529 latius
1110 504 1142 528 et
1168 498 1356 540 parallelum
1383 509 1457 530 cum
1479 498 1630 530 Thoracis

296 569 315 588 ))
332 556 479 599 apertura
506 555 627 585 factum
649 559 705 584 est.
734 553 839 595 Plagae
860 552 996 583 fuerunt
1021 552 1154 583 admotae
1176 552 1390 584 cucurbitulae
1410 552 1631 594 (ventouses)

296 610 440 647 »siccae⁷
474 607 654 650 deindeque
685 606 766 637 labia
799 606 941 638 vulneris
974 607 1062 637 uuita
1095 612 1127 637 et
1158 605 1257 637 linteo
1291 606 1462 638 fenestrato
1492 611 1628 638 retenta.

297 661 552 695 »Cucurbitulae
581 672 638 704 per
669 666 765 691 totam
794 661 933 703 corporis
959 660 1160 703 superficiem
1189 661 1430 703 praesertimque
1458 660 1496 692 ad
1524 666 1633 691 extre-

296 729 315 749 »
332 718 457 748 mitates
493 716 629 746 suerunt
667 725 762 756 supra
797 714 1041 745 scarificationes
1074 714 1250 757 applicatae.
1294 713 1518 757 Embregmata
1557 725 1633 745 cum

296 783 316 803 ))
331 772 406 803 vino
435 769 639 812 camphorato
669 769 783 811 saepius
813 768 852 800 de
878 767 929 799 die
960 769 1124 808 instituta,
1153 768 1461 812 scarificationesque
1490 768 1634 811 repetitae

297 826 479 857 ))fuerunt.
517 824 684 866 Regimine
716 829 857 865 eupepto
890 828 922 853 et
951 823 1112 854 infusione
1141 822 1255 854 florum
1287 823 1402 854 arnicae
1432 821 1635 854 nutri-ebatur

296 891 316 911 ))
333 885 503 921 aegrotam,
528 878 584 920 qui
605 882 675 919 post
702 876 829 919 aliquod
854 877 1005 919 temporis
1031 877 1169 919 spatium
1192 876 1334 918 perfecta
1361 877 1479 907 iterum
1501 876 1634 907 sanitate

296 933 468 965 »donatus
493 930 571 962 est.''
608 931 764 969 Quamvis
793 930 842 961 hae
873 929 1106 961 observationes
1136 930 1210 960 talia
1241 930 1375 962 vulnera
1404 936 1512 960 sanata
1539 930 1636 961 fuisse

296 986 485 1030 perhibent,
516 996 671 1027 magnum
702 990 810 1014 tamen
838 982 1019 1026 periculum
1047 982 1134 1013 adest
1159 983 1184 1013 si
1209 983 1289 1015 vasis
1315 982 1482 1027 cujusdam
1512 982 1637 1026 majoris

297 1040 424 1072 aeriferi
446 1039 543 1070 sectio
565 1038 806 1081 emphysemate
826 1038 963 1080 stipatur
984 1036 1143 1079 generali3
1170 1036 1252 1068 illud
1275 1047 1384 1068 revera
1408 1036 1510 1067 sanari
1535 1041 1638 1079 potest

298 1095 323 1125 si
344 1093 383 1124 ad
406 1092 500 1123 telam
520 1091 706 1122 cellularem
728 1090 959 1122 subcutaneam
979 1090 1153 1131 limitatum
1177 1096 1209 1121 at
1229 1091 1393 1122 enimvero
1415 1090 1517 1122 multo
1536 1089 1638 1134 majus

299 1147 481 1191 periculum
506 1145 687 1176 timendum
707 1151 768 1185 est,
792 1151 825 1176 et
842 1147 896 1177 vix
912 1145 977 1177 ulla
999 1145 1169 1176 sanationis
1190 1156 1260 1187 spes
1277 1150 1424 1187 apparet,
1449 1155 1550 1186 quum
1568 1154 1639 1175 em—

301 1201 453 1245 physema
475 1205 599 1230 tantum
625 1210 826 1241 progressum
849 1200 981 1238 fecerit,
1006 1205 1044 1230 ut
1065 1201 1119 1229 aer
1140 1209 1206 1229 sese
1226 1199 1259 1229 in
1279 1199 1423 1229 intimam
1445 1209 1639 1240 organorum

300 1260 460 1285 texturam
477 1251 705 1291 insinuaverit3
729 1252 878 1283 novimus
900 1252 1002 1291 enim,
1018 1262 1058 1282 ex
1076 1252 1232 1282 anatomia
1249 1251 1407 1294 generali,
1424 1251 1519 1282 telam
1537 1251 1640 1282 cellu-

300 1307 397 1338 losam
420 1317 529 1338 omnes
550 1316 743 1348 organorum
763 1311 868 1348 partes
889 1306 1119 1336 constituentes
1138 1306 1222 1336 inter
1242 1316 1309 1337 sese
1327 1311 1456 1337 nectere
1473 1311 1505 1336 et
1522 1305 1638 1348 ligare,

301 1362 418 1393 scimus
439 1366 471 1392 et
491 1360 586 1392 etiarn
607 1359 694 1391 illam
714 1359 860 1402 undique
881 1360 1020 1402 corporis
1041 1360 1126 1390 inter
1151 1370 1183 1390 se
1203 1360 1458 1400 comniunicavre3
1485 1360 1510 1390 si
1535 1370 1639 1398 nunc,

302 1415 392 1449 verbi
419 1415 529 1453 causa,
558 1416 611 1445 aer
640 1414 674 1445 in
700 1413 893 1456 pulmonum
923 1414 1070 1444 intimam
1098 1419 1260 1445 texturam
1288 1414 1461 1456 proserpit,
1493 1424 1641 1456 quaenam

303 1470 419 1501 exinde
445 1468 547 1500 turbae
575 1480 639 1499 non
669 1468 807 1499 oriendae
835 1467 935 1499 sunt‘?
971 1467 1051 1498 Vasa
1079 1467 1261 1510 sanguifera
1288 1467 1488 1510 aeriferaque
1520 1473 1642 1498 tantam

304 1524 498 1567 pressionem
524 1523 709 1565 patiuntur,
731 1528 769 1553 ut
786 1532 920 1553 munere
939 1532 996 1552 suo
1011 1521 1204 1564 perficiendo
1221 1520 1370 1564 deinceps
1392 1521 1524 1564 imparia
1546 1521 1639 1560 fiant3

305 1577 383 1621 quid
403 1578 429 1608 si
449 1577 481 1608 in
505 1576 607 1607 cordis
629 1576 835 1608 substantiam
858 1581 1006 1618 penetrat
1027 1581 1123 1618 atque
1144 1574 1398 1618 glandularum?
1417 1575 1527 1606 Tantae
1550 1576 1641 1618 sequi

306 1631 422 1662 exinde
455 1630 574 1661 debent
608 1630 833 1661 abnormitates
863 1635 900 1660 ut
935 1629 1108 1660 rectissime
1141 1628 1333 1673 judicaverit
1362 1627 1546 1660 Richerand.
1572 1628 1642 1671 (1),

306 1686 484 1717 maximum
508 1691 586 1715 tunc
611 1684 717 1715 adesse
739 1683 933 1727 periculum.

352 1739 497 1770 Sauciato
521 1738 692 1781 pulmone,
718 1739 808 1783 istius
832 1738 941 1781 organi
966 1737 1175 1768 inflammatio
1197 1736 1393 1779 insequitur,
1417 1734 1517 1780 hujus
1535 1741 1643 1767 tamen

308 1794 473 1825 intensitas
488 1804 552 1823 non
565 1803 690 1835 semper
706 1794 738 1823 in
754 1793 876 1823 ratione
892 1794 1023 1835 ponitur
1036 1803 1109 1822 cum
1125 1790 1268 1823 vulneris
1283 1789 1519 1833 magnitudine:
1535 1788 1645 1821 obser-

310 1853 381 1879 vata
398 1848 484 1878 enim
500 1847 635 1877 fuerunt
652 1846 786 1879 vulnera
807 1845 901 1877 exilia
917 1846 1069 1888 haudque
1085 1844 1261 1888 profunda,
1283 1856 1355 1888 quae
1371 1844 1502 1877 violenti
1517 1844 1645 1875 inflam—

311 1902 443 1934 mationi
460 1901 568 1932 locum
590 1899 759 1931 dederunt.
787 1900 863 1931 Haec
879 1911 948 1931 raro
968 1906 1053 1931 tauta
1070 1905 1116 1930 est
1136 1906 1174 1931 ut
1193 1899 1309 1930 exinde
1330 1900 1509 1942 aegrotantis
1529 1899 1592 1931 vita
1611 1899 1645 1929 in

312 1955 494 1999 periculum
509 1960 652 1987 versetur
672 1954 734 1997 (2),
756 1954 835 1996 quin
857 1955 961 1997 potius
977 1954 1044 1985 fere
1059 1965 1184 1997 semper
1204 1952 1397 1985 resolutione
1419 1953 1644 1984 terminentur.

373 2071 406 2100 (i)
423 2069 576 2097 Richeraud,
594 2076 676 2100 nosog.
694 2069 818 2100 cliirnrg.‚
837 2070 890 2093 vol.
912 2070 958 2093 lv.
984 2078 1040 2101 pag.
1064 2070 1116 2093 188.

374 2112 406 2142 (α)
424 2112 515 2142 Boyer,
535 2110 606 2134 traite'
624 2110 664 2133 des
681 2111 797 2133 maladies
813 2111 936 2143 chirurg„
959 2112 1010 2135 vol.
1031 2112 1091 2134 vn.
1111 2117 1169 2141 pag.
1190 2110 1319 2133 253-264.
1363 2106 1366 2110 ”
