1747 2620
676 263 813 306 (107)

79 352 98 373 >)
114 340 281 372 brachium
316 339 424 371 fricari
460 338 528 370 oleo
557 336 779 368 canunomillae
812 346 887 367 cum
923 336 1093 379 camphora
1109 361 1116 375 ‚
1152 336 1277 381 hocque
1307 346 1414 382 postea

79 406 97 426 ))
113 406 219 437 panno
240 395 331 425 laneo
349 393 488 425 involvi:
512 391 676 435 aegrotanti
702 390 893 433 praescripsit
917 390 1028 421 vinum
1051 396 1083 422 et
1103 391 1248 422 infusum
1272 404 1414 425 cammo-

78 460 96 480 ))
114 449 220 480 millae.
262 448 391 479 Vulnus
424 457 592 490 perpessus
625 446 732 477 fuerat
770 450 924 488 aegrotans
956 445 1109 488 vigesima
1143 445 1194 477 die
1227 446 1415 480 Novembris

80 515 98 535 ³)
115 502 317 535 MDCCCXI.
354 502 488 533 Duobus
519 500 631 532 diebus
656 512 671 531 a
704 499 837 532 vulnere
865 505 1010 542 recepto,
1038 511 1141 543 quum
1175 506 1282 533 tumor
1311 514 1416 534 aneu—

79 569 98 588 ))
115 557 303 600 rysmaticus
333 555 423 586 solito
456 556 554 598 magis
582 554 743 597 pulsaret,
776 564 945 597 quumque
974 553 1096 585 adesset
1122 555 1211 587 dolor
1243 557 1354 599 capitis
1384 564 1417 589 et

80 623 98 643 >7
114 617 240 654 stupor,
258 621 337 641 vena
355 610 418 641 fuit
434 615 516 641 secta
534 610 722 652 copioseque
740 608 868 651 sanguis
883 608 1032 640 emissus:
1051 615 1176 652 postero
1192 621 1285 642 mane
1303 611 1416 644 iisdem

79 677 97 696 >³
115 663 329 708 perstantibus
366 663 650 707 symptomatibus,
688 673 768 694 vena
799 661 955 705 jugularis
994 661 1100 693 lateris
1136 663 1253 695 sinistri
1286 672 1416 708 pertusa

77 718 303 762 »sanguinem
326 718 514 748 arteriosum
541 715 767 759 suppeditavit.
798 716 929 746 Decima
959 715 1010 747 die
1036 728 1146 748 omnes
1173 719 1303 750 omnino
1327 732 1416 752 venae

78 784 96 804 ))
114 772 236 804 brachii
253 772 317 803 laesi
332 771 488 814 sanguine
505 769 672 802 tumebant
691 774 724 800 et
740 769 928 800 arteriarum
945 770 1043 800 instar
1059 770 1246 812 pulsabant:
1264 772 1302 803 ab
1319 773 1417 805 hocce

77 838 96 858 ))
112 833 256 869 tempore
272 826 437 858 volumine
453 825 570 856 sensim
589 822 843 855 imminuebatur
864 829 972 855 tumor
992 823 1031 855 ad
1047 824 1237 857 claviculam
1253 832 1285 857 et
1303 827 1416 859 eadem

76 893 95 912 ))
111 883 234 912 ratione
258 886 366 911 tumor
388 890 543 912 venarum
563 878 754 919 imminutus
769 883 832 917 est;
852 877 907 909 sed
926 878 1013 921 quod
1031 879 1132 922 magis
1147 880 1332 912 mirandum
1352 888 1415 922 est,

76 947 96 967 ))
111 935 148 967 ea
169 936 292 967 ratione
313 934 377 978 qua
401 935 504 965 minor
525 932 620 964 fiebat
646 938 753 963 tumor
781 933 1071 975 aneurysmaticus‚
1095 933 1132 964 ea
1157 934 1253 965 etiam
1280 947 1416 979 propor—

76 990 198 1021 »tione
223 980 425 1032 apparebant.
441 987 635 1031 pulsationes
661 987 784 1018 arteriae
805 986 946 1027 radians,
976 998 1049 1018 mox
1074 987 1194 1019 debiles
1220 989 1413 1031 admodum,

77 1056 96 1076 J>
111 1044 263 1087 deinceps
279 1055 353 1076 vero
370 1044 486 1075 sensim
503 1042 725 1086 paulatimque
740 1041 891 1085 majoreS‚
909 1041 1010 1072 donec
1027 1047 1097 1084 post
1112 1042 1345 1086 quinquaginta
1359 1055 1414 1076 sex

76 1110 95 1129 ›)
111 1098 177 1129 dies
192 1098 322 1128 omnino
339 1097 480 1140 pristinae
496 1096 621 1127 sanitati
641 1096 807 1127 restitutus
822 1101 979 1139 aegrotans
1000 1107 1105 1127 coram
1121 1096 1275 1128 facultate
1291 1099 1415 1131 medica

75 1163 94 1183 »
110 1151 227 1194 ductus
251 1150 328 1182 est.⁷⁷
360 1151 436 1181 Haec
460 1149 636 1181 observatio
659 1155 814 1191 tanquam
839 1149 997 1180 rarissima
1025 1155 1072 1180 est
1092 1151 1280 1192 spectanda,
1307 1158 1340 1183 et
1363 1153 1415 1184 vel

74 1204 204 1248 quidem
231 1211 384 1247 tanquam
408 1204 505 1235 unica
531 1214 603 1246 quae
627 1202 666 1233 ad
688 1202 777 1234 hunc
797 1213 900 1245 usque
921 1202 1008 1234 diem
1028 1203 1175 1245 obvenit3
1200 1207 1320 1237 sanatio
1344 1207 1415 1239 haec

73 1271 184 1294 revera
211 1260 295 1290 inter
316 1259 406 1290 sortis
430 1257 584 1290 miracula
607 1256 755 1300 ponenda
775 1262 835 1296 est,
863 1257 907 1287 ita
928 1262 979 1296 ut,
1007 1267 1046 1287 ex
1071 1257 1137 1300 ipsa
1158 1269 1223 1289 non
1245 1271 1414 1301 possumus

73 1313 266 1346 concludere
292 1313 332 1344 ad
352 1311 648 1344 nou-lethalitatem
670 1310 812 1343 vulneris
833 1321 925 1343 venae
949 1317 1006 1341 aut
1028 1312 1152 1343 arteriae
1177 1312 1366 1346 subclaveae.

116 1368 262 1400 Vulnera
277 1379 434 1400 venarum
454 1365 709 1410 pulmonalium,
728 1366 754 1396 si
772 1363 989 1408 physiologice
1004 1364 1058 1396 illa
1079 1366 1330 1409 consideramus,
1346 1381 1411 1401 non

69 1422 157 1455 illico
186 1423 365 1454 sauciatum
390 1432 408 1452 e
433 1421 513 1453 vivis
543 1420 657 1452 tollere
688 1418 843 1459 vidimus,
871 1420 897 1449 si
925 1420 1019 1450 unica
1049 1430 1160 1451 earum
1187 1423 1411 1455 tantummodo

71 1483 214 1518 secatur,
236 1477 352 1508 scimus
371 1476 456 1507 enim
478 1475 534 1506 has
552 1485 647 1507 venas
663 1484 703 1504 ex
720 1479 858 1516 utroque
873 1472 1028 1515 pulmone
1042 1472 1131 1505 binas
1146 1475 1318 1516 proficisci,
1339 1488 1411 1520 quae

72 1531 256 1574 singulatim
277 1537 310 1562 et
325 1529 516 1573 specialibus
530 1528 670 1560 hiatibus
685 1529 719 1559 in
737 1527 831 1559 corde
847 1528 1075 1559 terminantur:
1092 1529 1115 1559 si
1134 1540 1223 1560 nunc
1239 1531 1334 1562 unica
1351 1531 1412 1563 ha-

71 1595 146 1616 rum
166 1583 377 1624 abscinditur,
400 1595 483 1615 mors
502 1582 678 1615 necessario
693 1583 856 1625 sequitur,
878 1581 933 1613 sed
948 1581 1035 1613 haud
1056 1581 1141 1613 illico
1157 1583 1287 1624 accidit,
1307 1596 1410 1627 quum

71 1638 200 1680 sanguis
215 1637 254 1668 ad
270 1648 323 1668 cor
344 1637 397 1679 (et
412 1636 450 1667 ab
464 1636 519 1668 illo
535 1636 574 1667 ad
590 1636 780 1679 cerebrum)
796 1636 901 1667 adhuc
921 1635 1021 1667 tribus
1039 1636 1107 1668 aliis
1123 1637 1218 1668 ramis
1233 1637 1410 1671 advehatur

71 1697 104 1723 et
117 1692 162 1722 sic
178 1692 376 1734 organismus
393 1691 484 1723 vivus
500 1702 557 1734 per
576 1696 622 1722 sat
638 1690 771 1733 longum
788 1691 939 1733 temporis
954 1691 1092 1734 spatium
1109 1702 1277 1723 remanere
1295 1693 1408 1725 valeat.

70 1737 343 1777 Antecedentibus
373 1744 423 1776 his
454 1744 602 1776 omnibus
639 1744 970 1788 argumentationibus
999 1744 1219 1788 physiologice
1250 1747 1410 1789 explicare

69 1811 254 1843 possumus,
272 1799 431 1843 quomodo
446 1805 479 1830 et
494 1811 592 1843 quam
608 1798 647 1831 ob
663 1811 791 1831 causam
807 1800 904 1832 vitam
917 1810 1007 1830 suam
1021 1799 1222 1842 protrahant,
1235 1801 1291 1842 qui
1307 1800 1409 1844 majus

69 1853 231 1897 quoddam
253 1865 307 1886 vas
336 1853 535 1885 thoracicum
561 1853 697 1886 vulnere
727 1859 861 1897 ruptum
886 1853 1017 1885 habent.
1050 1852 1228 1884 Auctorum
1255 1853 1308 1885 hic
1334 1866 1409 1886 sen-

69 1908 185 1938 tentias
205 1918 265 1939 nec
286 1919 469 1951 comparare
489 1919 550 1940 nec
570 1908 804 1941 observationes
824 1908 893 1939 illas
917 1906 1093 1938 dilucidare
1114 1905 1227 1947 debui,
1255 1909 1406 1951 quoniam

69 1960 161 1992 nulla
184 1962 269 1992 inter
290 1960 361 1992 illos
387 1961 427 1993 de
454 1961 570 1994 horum
598 1963 771 1996 vulnerum
803 1961 946 1994 absoluta
970 1967 1003 1992 et
1027 1961 1202 1993 necessaria
1230 1961 1407 1995 lethalitate

70 2015 284 2048 controversia
305 2016 428 2056 existit3
452 2015 557 2047 nullas
582 2016 905 2060 experimentationes
930 2014 1045 2060 adjeci,
1070 2026 1144 2047 nam
1171 2021 1250 2047 tunc
1275 2016 1405 2048 demum
1451 2047 1455 2050 .

71 2069 320 2112 periclitationes
335 2069 428 2100 utiles
444 2075 540 2112 atque
548 2071 732 2102 necessariae
746 2075 838 2111 sunt,
852 2068 909 2101 ubi
923 2074 1082 2112 punctum
1097 2069 1256 2112 quoddam
1270 2069 1405 2102 dubium
