1747 2620
725 263 840 308 (25)

157 338 189 369 Si
208 338 428 383 producantur
448 339 547 371 latera
568 337 708 382 opposita
733 338 776 368 ab
796 343 828 368 et
848 337 888 368 de
909 349 1012 381 usque
1035 337 1072 370 ad
1094 340 1236 383 ipsorum
1260 354 1451 377 concursum

113 394 161 434 R',
181 394 292 425 eodem
314 394 406 425 modo
428 393 617 436 probaretur
636 391 693 422 R'r
706 397 738 422 et
753 391 813 434 R'q
834 403 900 423 esse
920 398 1087 436 tangentes
1104 394 1143 425 ad
1165 403 1283 438 puncta
1303 410 1319 428 r
1334 405 1365 430 et
1382 412 1414 442 q.

156 448 189 479 Si
209 448 349 490 denique
372 447 590 491 producantur
613 446 651 477 bc
672 451 704 477 et
726 445 881 489 esusque
904 446 981 478 dum
1004 455 1198 480 concurrant
1219 451 1253 481 in
1273 451 1332 491 ΒΝ,
1359 460 1452 485 rectae

112 502 184 544 R''p
203 509 236 534 et
252 502 320 533 R''0
345 507 442 533 erunt
463 506 629 544 tangentes
650 499 688 531 ad
713 506 831 542 puncta
845 512 873 542 p
892 507 924 531 et
944 513 973 532 ο.

158 557 257 599 Atqui
277 557 336 587 tria
363 561 483 598 puncta
503 554 589 595 R‚R'
610 561 642 586 et
662 554 709 585 R''
728 555 762 585 in
780 554 892 586 eadem
909 556 994 587 recta
1013 557 1129 588 sistunt
1150 558 1285 601 (Theor.
1303 560 1356 603 1);
1379 572 1454 605 ergo

110 610 122 653 (
138 610 250 641 Ge'om.
272 610 425 651 Descrip.
443 610 590 652 Monge,
607 621 694 651 pag.
713 608 773 650 51)
790 615 885 640 rectae
906 621 977 650 mn,
992 622 1040 652 po
1058 618 1089 642 et
1109 624 1164 655 rq,
1183 613 1248 654 vel,
1265 615 1351 657 quod
1368 616 1453 648 idem

113 670 178 704 est,
207 663 388 707 diagonales
413 663 571 707 hexagoni
596 664 851 706 circumscripti,
883 664 917 694 in
944 676 1009 696 uno
1035 665 1214 710 eodemque
1241 676 1362 711 puncto
1387 682 1454 702 sese

111 719 250 751 invicem
272 719 475 749 intersecant.

155 772 244 804 Inter
266 773 365 804 varias
386 772 670 803 demonstrationes
696 771 830 802 istorum
852 770 1106 814 theorematum,
1138 786 1215 818 quas
1239 778 1455 810 recentissime

112 827 378 870 excogitaverunt
408 826 604 865 Geometrae‚
636 825 854 857 anteferendae
882 825 973 857 nobis
1003 827 1155 860 videntur
1185 837 1355 873 sequentes
1382 843 1455 877 quae

112 880 284 912 nonnullas
305 886 431 911 tantum
453 880 665 923 Perspectivae
687 881 850 920 notiones,
876 882 1058 924 requirunt.

159 947 193 976 1⁰
223 945 254 976 Si
276 944 350 976 duae
373 950 430 976 aut
447 944 555 987 plures
573 950 668 975 rectae
689 944 722 975 in
745 944 841 975 unico
862 951 983 987 puncto
1003 954 1223 988 concurrunt,
1246 959 1357 981 earum
1378 962 1456 994 per-

112 999 265 1044 spectivae
277 1005 374 1030 erunt
386 999 470 1030 inter
481 1009 513 1029 se
526 998 684 1041 parallelae
693 1023 701 1037 ‚
714 998 888 1030 dummodo
900 998 1033 1042 planum
1047 1003 1284 1044 perspectivum
1294 1028 1302 1043 ‚
1314 1004 1457 1046 (leplatz

112 1054 153 1085 de
163 1054 373 1095 perspective
388 1065 431 1084 ou
442 1053 531 1094 plan
546 1053 590 1083 clu
607 1052 768 1094 tableazc)
784 1053 823 1083 sit
837 1054 1028 1095 parallelum
1043 1061 1139 1088 rectae
1160 1068 1232 1099 quae
1247 1058 1355 1090 locum
1372 1060 1457 1091 oculi

111 1109 179 1142 sive
199 1114 360 1152 punctum
382 1108 484 1146 visus,
506 1107 613 1152 jungit
637 1119 712 1138 curn
734 1113 856 1149 puncto
875 1119 1049 1140 concursus
1072 1111 1216 1141 omnium
1239 1118 1410 1144 rectarum.

159 1163 196 1194 2⁰
220 1161 366 1193 Vicissim
383 1162 408 1192 si
428 1161 538 1204 plures
553 1167 649 1192 rectae
669 1162 703 1192 in
721 1161 817 1204 plano
837 1164 1037 1206 perspectivo
1058 1164 1122 1195 sint
1139 1165 1316 1207 parallelae,
1339 1173 1372 1198 et
1391 1179 1454 1198 una

72 1221 75 1222 ⁷
112 1223 169 1249 aut
189 1216 299 1260 plures
320 1215 388 1247 aliae
412 1216 523 1259 primis
544 1215 715 1247 videantur
741 1216 918 1259 parallelae,
940 1223 1020 1248 tunc
1041 1229 1150 1249 omnes
1170 1225 1281 1259 rectae,
1305 1220 1339 1251 iu
1359 1220 1455 1264 plano

111 1270 310 1316 objectorum
332 1271 398 1302 sive
419 1269 592 1314 objectiv0‚
614 1270 648 1300 in
670 1281 735 1300 uno
756 1270 935 1313 eodemque
956 1277 1077 1313 puncto
1104 1279 1314 1305 concurrunt.

158 1326 194 1358 3⁰
218 1325 250 1356 Si
270 1324 379 1367 plures
395 1324 494 1355 fasces
517 1322 739 1366 (faisceaux)
758 1329 919 1356 rectarum
935 1332 1128 1357 concurrant
1144 1327 1177 1357 in
1193 1327 1317 1360 diversa
1335 1336 1455 1372 puncta

111 1391 184 1424 quae
215 1379 250 1410 in
283 1378 442 1410 directum
468 1384 652 1421 ponuntur,
679 1384 758 1409 tunc
783 1380 991 1421 perspectivae
1013 1386 1174 1412 rectarum
1198 1382 1456 1427 uniuscujusque

111 1434 222 1474 fascis,
244 1439 341 1464 erunt
358 1434 443 1464 inter
457 1444 490 1464 se
505 1432 681 1476 parallelae,
702 1432 876 1464 dummodo
891 1433 1025 1476 planum
1041 1436 1278 1478 perspectivum
1293 1437 1333 1467 sit
1348 1437 1456 1480 paral-

112 1488 213 1521 lelum
234 1486 329 1530 plano
353 1486 438 1529 quod
457 1497 515 1529 per
535 1487 666 1519 oculum
683 1492 715 1518 et
735 1494 855 1519 rectam
875 1495 1071 1531 punctorum
1093 1501 1311 1522 concursuum
1330 1493 1453 1523 transit.

157 1543 194 1583 4⁰
223 1542 392 1582 Vicissim,
419 1542 444 1572 si
468 1547 563 1573 rectae
588 1542 621 1572 in
651 1541 746 1585 plano
777 1543 977 1586 perspectivo
1002 1543 1144 1575 forment
1168 1543 1260 1587 plura
1285 1551 1454 1589 systemata

113 1597 272 1629 linearum
303 1597 337 1627 in
364 1607 561 1639 unoquoque
594 1602 763 1639 systemate
790 1598 876 1628 inter
900 1609 933 1629 se
963 1598 1211 1641 parallelarum,
1242 1605 1321 1631 tunc
1346 1612 1455 1632 omnes

112 1651 175 1684 illae
194 1657 289 1683 rectae
315 1651 348 1681 in
370 1649 466 1693 plano
492 1649 690 1694 objectorum
717 1657 873 1694 apparent
897 1663 963 1683 sese
990 1663 1087 1695 super
1111 1653 1222 1685 eadem
1246 1654 1331 1685 recta
1352 1655 1456 1686 inter-

112 1711 266 1738 secantes.

160 1760 195 1791 5ο
223 1759 386 1790 Ponamus
401 1757 559 1790 circulum
576 1764 608 1790 et
623 1765 741 1791 rectam
758 1760 792 1791 in
810 1760 921 1792 eodem
943 1760 1039 1804 plano
1055 1760 1206 1792 describi:
1228 1761 1361 1804 planum
1380 1773 1457 1806 per-

114 1813 293 1857 spectivum
309 1823 435 1856 semper
450 1813 492 1844 ita
510 1812 656 1844 collocari
671 1820 789 1857 potest,
806 1821 845 1846 ut
859 1821 944 1846 recta
961 1816 994 1846 in
1008 1815 1172 1846 infinitum
1189 1816 1254 1848 visa
1269 1817 1325 1856 sit,
1342 1817 1455 1849 circuli

115 1872 223 1899 autem
245 1868 444 1909 perspectiva
465 1867 504 1897 sit
519 1866 625 1899 adhuc
641 1868 791 1900 circulus.
815 1868 898 1900 Cum
915 1868 968 1900 illa
988 1869 1159 1911 propositio
1180 1869 1260 1901 mihi
1285 1882 1453 1914 nunquam

115 1921 271 1960 occurrit,
291 1921 352 1951 nisi
372 1921 406 1951 in
428 1920 582 1963 peculiari
599 1933 690 1962 casu,
713 1923 834 1955 scilicet
853 1924 887 1954 in
907 1922 1157 1968 projectionibus
1174 1926 1451 1969 stere0g1·aphici5‚

114 1974 203 2006 illam
227 1974 445 2006 demonstrare
465 1977 679 2008 necessarium
700 1978 793 2010 duco.

160 2029 231 2060 Sint
255 2029 329 2071 (fig.
355 2028 420 2071 29)
448 2029 545 2061 MC'L
569 2031 708 2064 circulus
735 2038 768 2064 et
792 2031 846 2063 AB
870 2037 956 2063 recta
981 2031 1015 2062 in
1041 2031 1153 2063 eodem
1178 2032 1274 2075 plano
1297 2033 1366 2064 sita.
1392 2033 1454 2065 Per

117 2089 265 2116 centrum
292 2082 326 2113 C'
354 2082 485 2124 circuli,
530 2083 667 2117 ducatur
697 2085 832 2129 planum
863 2085 903 2117 ad
930 2091 1050 2117 rectam
1079 2085 1134 2117 AB
1163 2086 1327 2127 normale,
1362 2086 1453 2132 cujus

1083 2142 1104 2180 4
