1747 2620
698 280 811 322 (91)

82 367 157 388 nem
187 355 317 387 omnino
344 355 509 398 accipere:
540 358 667 385 tantum
696 352 784 384 abest
809 359 847 384 ut
876 353 1031 385 sectiones
1060 353 1196 398 hujusce
1226 355 1421 390 membranae

82 409 259 442 absolutam
292 415 428 441 mortem
457 408 653 451 producant,
683 414 721 439 ut
744 419 763 439 e
788 413 897 439 contra
925 408 1045 451 optime
1074 408 1113 440 de
1146 408 1287 440 humana
1317 413 1422 453 specie

84 464 190 495 meriti
214 462 330 494 medici
359 463 408 494 De
429 462 530 493 Senac
550 461 614 504 (1),
633 461 767 493 Desault
787 461 850 504 (2),
870 463 990 505 Larrey
1017 463 1226 505 punctionem
1249 469 1282 494 et
1307 465 1423 495 sectio-

85 529 160 549 nem
187 516 357 560 pericardii
386 516 531 547 indicent
565 517 614 548 uti
644 516 861 548 evacuationis
889 515 1033 547 medium
1063 516 1096 547 in
1123 516 1421 560 hydropericardia3

85 571 231 614 quinimo
247 570 390 602 medicus
405 570 536 613 quidam
550 570 718 613 hispanus,
735 570 787 600 cui
804 580 921 600 nomen
938 575 984 601 est
999 569 1150 610 Homero,
1163 582 1237 602 cum
1251 571 1422 603 Academia

86 625 227 656 Parisina
243 624 352 667 plures
364 623 599 656 observationes
614 623 879 662 communicavit,
895 623 929 654 in
943 622 1060 666 quibus
1077 631 1205 655 enarrat
1224 636 1290 656 sese
1307 625 1425 657 multos

84 678 251 718 homines,
279 679 337 722 qui
361 678 506 722 hydrope
536 677 706 722 pericardii
736 676 945 716 laborabant,
976 678 1103 708 sanitati
1133 679 1306 710 restituisse
1339 686 1424 711 secto

83 732 277 776 pericardio‚
304 739 341 764 ut
366 733 483 764 exinde
508 744 610 764 serosa
638 730 783 762 collectio
808 729 941 761 effluere
966 737 1087 773 posset:
1112 732 1197 762 inter
1221 732 1316 773 alias,
1341 733 1425 766 hanc

84 786 203 818 ibidem
242 786 349 818 refero
378 787 436 829 (3).
478 797 496 817 ))
518 786 678 817 Antonius
712 785 791 816 Mira
828 785 965 828 agricola
998 786 1030 816 in
1066 786 1135 818 vico
1165 787 1303 829 quodam
1334 788 1426 819 Van-

86 852 104 871 »
120 840 250 872 dalusiae
275 840 394 883 degens
415 846 447 872 et
470 841 599 883 triginta
624 840 770 882 quinque
790 851 889 870 annos
914 845 1024 879 natus,
1049 839 1113 883 jam
1137 840 1255 872 abhinc
1279 843 1425 885 quinque

85 905 104 924 ))
120 893 283 925 mensibus
303 893 414 925 morbo
433 905 600 937 oppressus
621 892 760 937 jacebat3
782 895 889 925 omnia
908 901 1119 938 symptomata
1142 896 1318 939 hydropem
1337 899 1426 940 peri-

86 960 105 979 ))
123 948 222 980 cardii
257 947 538 991 praenunciabant.
583 948 727 979 Medicus
755 948 910 988 Romero,
943 948 1086 980 adstante
1116 949 1245 981 doctore
1273 962 1426 993 germano

86 1002 276 1041 ›>Grenier‚
305 1002 482 1034 Thoracem
515 1003 700 1044 aegrotantis
730 1003 858 1045 aperuit
885 1003 925 1034 ad
953 1009 1050 1035 sextae
1078 1010 1171 1035 costae
1199 1016 1283 1036 verae
1307 1006 1427 1038 sinistri

58 1056 60 1058 ’
87 1056 228 1088 »lateris
255 1055 480 1096 altitudinem,
512 1055 612 1099 digito
640 1056 856 1099 pericardium
887 1057 1085 1099 exploravit,
1115 1059 1337 1102 comperitque
1361 1060 1428 1091 illic

86 1123 104 1141 ))
121 1111 223 1142 inesse
244 1110 465 1141 collectionem
488 1120 643 1149 serosam3
669 1109 734 1152 qua
756 1108 926 1140 affectione
946 1116 1033 1141 recte
1057 1112 1183 1153 cognita
1210 1113 1312 1143 secuit
1340 1114 1428 1155 peri-

86 1175 105 1195 »
121 1163 282 1203 cardium,
295 1175 359 1206 quo
374 1169 459 1195 secto
471 1174 578 1194 serum
593 1174 632 1194 ex
648 1162 717 1206 ejus
729 1174 806 1194 cavo
816 1162 958 1203 effluxit,
974 1164 1063 1195 etsie
1080 1164 1256 1197 medicatus
1272 1172 1427 1209 aegrotans

86 1216 289 1248 »sanitatem
312 1228 402 1248 suam
429 1216 608 1260 perfectam
631 1214 868 1259 recuperavit-'⁷
892 1217 954 1248 Sex
970 1217 1077 1249 adhuc
1098 1218 1174 1249 alias
1193 1218 1428 1252 observationes

84 1270 215 1314 adjicit,
247 1271 281 1302 in
306 1270 424 1314 quibus
451 1271 569 1315 unicus
591 1270 759 1302 dumtaxat
786 1276 941 1313 aegrotans
967 1271 1006 1303 ad
1030 1277 1136 1314 patres
1160 1273 1318 1316 migravit.
1351 1274 1429 1306 Haec

85 1325 167 1360 mihi
190 1325 380 1357 sufficientia
408 1336 475 1356 esse
500 1324 669 1364 videntur,
702 1330 741 1356 ut
765 1325 897 1356 omnino
917 1325 1087 1368 probatum
1111 1325 1303 1367 habeamus,
1328 1327 1429 1372 hujus
1462 1344 1465 1348 ·

86 1379 258 1423 pericardii
272 1379 407 1411 vulnera
429 1390 494 1410 non
515 1379 724 1410 necessariam
740 1385 875 1411 mortem
894 1380 1116 1424 pedissequam
1132 1381 1262 1413 habere.
1283 1382 1428 1426 Sequens

85 1435 287 1478 propositum
306 1433 410 1464 multo
427 1433 534 1464 adhuc
557 1433 657 1476 magis
677 1433 760 1464 lianc
776 1435 967 1465 sententiam
982 1434 1123 1466 stabilire
1143 1435 1288 1467 videtur:
1309 1436 1429 1468 Riche-

88 1488 168 1519 rand
180 1487 227 1530 (4)
244 1487 446 1519 cautissimus
459 1488 492 1518 in
508 1487 697 1519 medicando
714 1494 746 1519 et
760 1489 794 1520 in
810 1489 1014 1521 instituendis
1031 1490 1269 1533 operationibus
1285 1492 1348 1530 vir,
1362 1503 1429 1523 non

91 1541 313 1572 tantummodo
323 1542 357 1572 in
371 1541 652 1585 hydropericardia
664 1543 832 1585 peric'ardii
845 1543 1017 1574 sectionem
1029 1543 1158 1583 suadet,
1170 1544 1224 1576 sed
1235 1545 1331 1576 etiam
1343 1545 1429 1577 ultra

89 1594 309 1638 progreditur3
337 1595 483 1627 fomitem
505 1595 608 1627 morbi
632 1596 905 1639 exstinguendum
932 1607 999 1628 esse
1024 1597 1164 1629 declarat
1192 1597 1276 1629 facta
1300 1599 1334 1629 in
1358 1597 1429 1642 ejus

68 1673 70 1675 ,
90 1659 167 1681 cavo
192 1647 365 1691 injectione
388 1648 551 1688 irritante,
573 1655 627 1689 ut,
651 1649 752 1682 veluti
774 1651 807 1681 in
828 1650 1018 1693 hydrocele,
1042 1651 1251 1683 inflammatio
1272 1652 1430 1684 adhaesiva

90 1702 174 1732 inter
191 1712 244 1732 cor
259 1707 292 1732 et
305 1701 523 1744 pericardium
537 1702 782 1735 determinetur.
797 1703 887 1743 Quid
903 1710 1010 1736 tamen
1024 1704 1194 1737 turbarum
1210 1706 1243 1736 in
1256 1706 1350 1737 corde
1365 1718 1430 1737 non

91 1756 436 1795 excitarentmateries
454 1756 504 1787 hae
524 1756 712 1788 irritantes?
1450 1798 1452 1801 v

134 1809 167 1840 Si
191 1808 245 1840 illa
272 1809 378 1841 omnia
402 1821 467 1841 non
493 1809 657 1843 sufficiunt
680 1817 718 1843 ut
742 1823 846 1844 meam
871 1813 1056 1856 opinionem
1086 1813 1248 1856 probatam
1276 1813 1427 1855 habeam,

90 1864 324 1897 observationes
335 1870 488 1908 praeterea
505 1864 638 1906 adsunt,
654 1865 738 1898 facta
753 1868 910 1908 existunt,
922 1878 997 1911 quae
1014 1868 1145 1898 minime
1156 1873 1232 1898 sunt
1246 1868 1280 1898 in
1292 1868 1428 1900 dubium

149 1979 192 2007 (π)
211 1977 245 2000 De
264 1978 288 2000 la
305 1983 425 2001 structure
444 1979 477 2002 du
497 1986 573 2002 coeur.
597 1979 671 2002 Tom.
691 1981 727 2003 ΙΙ.
750 1988 807 2011 pag.
827 1981 883 2010 567.

150 2018 195 2046 (2)
212 2017 311 2040 OEuvres
328 2017 511 2048 chirurgicales.
537 2019 611 2042 Tom.
628 2021 664 2042 11.
687 2027 744 2051 pag.
761 2021 818 2047 304.

150 2058 194 2087 (5)
211 2057 303 2084 Metal,
323 2057 384 2080 dict.
405 2058 446 2081 des
461 2058 564 2082 sciences
577 2059 643 2082 meld.
655 2077 661 2088 ,
680 2060 764 2082 article
781 2059 916 2089 pe‘riearde.

151 2098 195 2127 (4)
212 2097 366 2128 Richerand,
384 2098 484 2123 histoire
500 2099 571 2123 d'une
584 2099 701 2123 resection
719 2100 747 2123 de
758 2099 822 2129 cote,
835 2107 913 2130 voyez
924 2100 982 2123 dict.
995 2099 1035 2123 des
1046 2100 1131 2124 scienc.
1144 2101 1222 2131 πλέοι,
1235 2105 1280 2124 art.
1290 2099 1424 2131 pe'ricarde.
