1747 2620
753 244 866 287 (29)

137 323 382 356 circumstantiis
405 321 535 353 omnino
557 331 624 352 esse
652 318 787 351 obnoxia
801 327 817 350 :⁴
832 319 935 362 quod,
961 318 1041 362 quid
1061 318 1150 350 aliud
1178 329 1274 362 quam
1298 318 1405 361 ipsum
1426 317 1477 362 jus

137 377 282 421 negare?
311 375 555 408 Admittendum
583 375 679 406 etiam
713 374 797 405 foret
826 374 985 417 privatos,
1016 373 1087 418 jura
1114 374 1147 404 in
1173 372 1238 404 una
1263 373 1392 405 civitate
1416 373 1475 404 sibi

137 432 304 476 acquisita,
326 432 359 462 in
382 430 480 462 altera
501 440 651 461 exercere
672 434 729 460 aut
750 427 913 462 vindicare
934 440 998 460 non
1018 439 1125 471 posse:
1150 428 1211 459 hoc
1229 433 1338 459 autem
1361 426 1476 458 absur-

138 486 215 519 dum
239 492 295 517 est.

181 541 237 572 His
257 540 446 584 praemissi5‚
479 538 603 570 nullam
631 538 791 569 extraneis
806 534 963 581 ‘injuriam
988 548 1045 580 per
1069 536 1316 568 extraditionem
1341 535 1477 576 inferri,

138 606 176 626 ex
194 605 231 626 eo
247 600 351 637 patet,
369 593 454 637 quod
467 591 577 625 civitas
589 604 641 624 eos
659 591 961 636 comprehendendo
978 598 1010 623 et
1024 591 1195 631 tradendo,
1213 591 1285 636 jure
1301 602 1358 622 suo
1373 591 1478 622 utitur

136 649 227 680 alteri
246 649 368 681 civitati
384 649 419 679 in
441 647 662 691 persequendo
682 647 754 691 jure
774 658 831 678 suo
849 646 1006 678 auxilium
1024 645 1212 689 praestandi;
1234 645 1274 676 ad
1290 645 1377 688 quod
1394 655 1479 687 pree-

135 703 286 735 standum
315 702 493 746 obligatur,
524 703 549 734 si
570 708 688 734 exterae
713 701 834 733 civitati
861 700 1068 744 denegaverit
1093 700 1281 732 facultatem
1311 705 1479 731 extraneos

135 756 194 788 sibi
216 756 381 788 obstrictos
402 758 435 788 in
456 757 616 789 territorio
640 767 698 787 suo
718 755 944 798 persequendi.

178 811 286 854 Atque
307 811 377 842 haec
397 817 463 842 tam
486 810 525 843 de
549 811 725 851 extraneis,
751 811 808 853 qui
830 809 880 854 jus
902 809 1060 841 incolatus
1080 809 1243 840 consecuti
1262 814 1354 848 sunt,
1381 818 1480 851 quarn

135 865 175 897 de
195 866 373 909 peregrinis
398 866 507 897 stricte
531 866 576 896 sic
597 865 706 905 dictis,
731 865 838 897 valere
864 875 1041 895 censemus.
1071 853 1202 895 Vanum
1223 863 1310 894 enim
1331 862 1477 901 videtur,

135 920 222 963 quod
243 932 260 951 a
283 920 432 963 plurimis
453 919 532 963 juris
551 919 629 961 pub.
659 918 841 949 doctoribus
861 919 895 949 in
915 918 1111 949 contrarium
1131 917 1279 957 affertur,
1302 926 1479 959 argumen-

136 979 227 1004 tum:
253 973 389 1012 incolas,
421 978 532 1015 utpote
553 972 604 1017 jus
623 973 774 1015 perpetui
794 972 947 1003 domicilii
968 973 1002 1003 in
1027 972 1188 1003 territorio
1213 970 1354 1003 habendi
1378 970 1480 1013 adep-

137 1032 203 1066 tos,
227 1027 342 1058 invitos
359 1038 377 1058 e
399 1027 527 1059 civitate
546 1026 664 1068 expelli
684 1026 775 1057 nullo
793 1025 865 1068 jure
887 1037 992 1067 posse,
1016 1026 1077 1073 nisi
1096 1025 1136 1056 ad
1155 1025 1409 1068 deportationem
1427 1023 1479 1056 vel

135 1080 363 1122 relegationem
385 1080 507 1111 fuerint
523 1092 541 1110 a
556 1079 684 1123 judiciis
698 1080 812 1110 nostris
832 1079 984 1110 damnati.
1011 1079 1159 1121 Namque
1178 1079 1288 1111 civitas
1307 1089 1479 1121 nunquam

135 1132 174 1164 ad
194 1132 227 1163 id
249 1143 316 1163 sese
336 1132 477 1175 obligare
497 1133 619 1175 potuit,
646 1138 684 1164 ut
700 1132 819 1163 incolas
840 1131 879 1163 ab
900 1132 1073 1175 implendis
1095 1132 1205 1163 officiis
1226 1132 1292 1164 suis
1316 1132 1481 1163 immunes

132 1192 313 1228 praestaret,
335 1185 518 1230 justamque
538 1186 771 1229 exigendarum
792 1185 1024 1229 obligationum
1048 1187 1244 1218 coactionem
1267 1186 1307 1217 ab
1327 1187 1365 1217 iis
1385 1197 1481 1218 aver-

131 1246 226 1272 teret.
266 1240 344 1272 Tale
367 1241 453 1272 enim
476 1246 625 1283 pactum,
651 1246 689 1271 ut
709 1246 796 1270 recte
820 1239 966 1271 observat
986 1239 1034 1271 Cl.
1061 1239 1221 1280 convert,
1244 1240 1297 1282 (in
1318 1240 1478 1271 Disserta-

132 1296 220 1327 tione
244 1294 430 1338 inaugurali
451 1294 548 1337 jurid.
576 1294 616 1326 de
638 1293 898 1337 delinquentium
928 1294 1098 1327 traditione
1119 1296 1153 1327 in
1173 1294 1286 1339 Belgio
1311 1294 1478 1338 permissa.

134 1350 298 1389 Gandavi,
321 1351 424 1389 1828,
452 1361 526 1392 pag.
549 1349 626 1391 11.)
653 1348 777 1393 jurium
801 1348 936 1391 impune
963 1349 1186 1382 violandorum
1211 1349 1399 1381 facultatem
1425 1349 1479 1380 in-

132 1404 297 1445 volveret,
325 1416 361 1435 ac
384 1410 538 1447 tanquam
566 1402 740 1447 injustum,
765 1402 895 1434 nullum
917 1409 1008 1435 esset.

177 1460 290 1503 Itaque
316 1459 396 1504 juris
421 1459 589 1502 principiis
612 1458 742 1489 omnino
768 1463 981 1488 consentanea
1004 1463 1101 1497 sunt,
1133 1463 1205 1488 tum
1234 1457 1408 1488 Decretum
1433 1457 1474 1488 23

135 1513 280 1545 Octobris
306 1515 409 1554 1811,
445 1514 512 1545 vim
539 1513 619 1556 legis
643 1511 820 1543 hodiedum
850 1510 1018 1551 obtinens,
1048 1517 1118 1543 tum
1150 1511 1321 1544 conventio
1348 1522 1365 1542 a
1389 1510 1477 1553 Rege

135 1573 242 1599 nostro
267 1579 340 1599 cum
365 1567 564 1600 Hannoverae
590 1567 678 1610 Rege
703 1566 755 1598 die
780 1566 822 1597 23
849 1566 924 1610 Aug
950 1566 1036 1597 1818
1061 1566 1161 1606 inita,
1187 1564 1306 1609 quibus
1330 1565 1476 1607 utrisque

133 1621 312 1653 incolarum
332 1621 430 1653 etiam
450 1620 645 1653 deditionem
668 1621 738 1652 fieri
760 1631 850 1664 posse
870 1621 1034 1653 statuitur.

177 1676 352 1707 Decretum
374 1680 483 1707 autem
504 1674 588 1707 illud
613 1675 680 1707 diei
698 1675 740 1707 23
766 1674 913 1706 Octobris
936 1676 1039 1714 1811,
1063 1673 1249 1706 nullatenus
1274 1684 1333 1717 per
1361 1678 1420 1704 art.
1442 1672 1473 1713 4.

135 1729 227 1772 Legis
245 1735 360 1761 nostrae
382 1729 477 1761 fund.
499 1729 690 1773 abrogatum
713 1740 780 1761 esse
805 1729 1003 1762 censendum
1016 1754 1024 1770 ,
1053 1741 1093 1761 ex
1115 1730 1154 1761 iis
1178 1728 1386 1760 manifestum
1407 1734 1472 1767 est,

135 1794 207 1827 quae
226 1796 321 1828 supra
342 1785 383 1817 de
402 1797 480 1820 vero
509 1797 546 1817 ac
571 1786 719 1830 genuina
738 1785 841 1830 hujus
861 1791 927 1818 art..
949 1796 1048 1817 sensu
1075 1784 1295 1816 disseruimus.
1326 1782 1385 1825 (n.
1412 1782 1474 1813 XII

134 1837 233 1882 hujus
254 1840 384 1883 expos.)

179 1945 240 1977 XI.
269 1946 425 1985 Quamvis
444 1953 552 1979 autem
573 1953 803 1983 extraneorum
824 1947 970 1978 remissio
987 1957 1047 1989 per
1065 1956 1099 1978 se
1121 1945 1246 1978 nullam
1267 1945 1472 1979 violationem

133 1999 289 2033 libertatis
307 2012 419 2034 eorum
437 2002 616 2046 personalis.
632 2002 792 2042 involvat,
813 2007 939 2041 tamen,
958 2012 1065 2044 quum
1082 2000 1121 2032 de
1140 2000 1194 2032 illa
1209 2000 1295 2033 solus
1311 2001 1479 2044 imperans.

132 2060 269 2097 statuat,
286 2055 461 2099 personalis
474 2055 674 2090 subditorum
689 2057 843 2090 securitas
859 2056 1016 2101 postulat,
1031 2061 1073 2088 ut
1088 2056 1134 2089 iis.
1142 2056 1313 2088 cautiones
1324 2054 1476 2099 quaedam.
