1747 2620
911 297 921 339 (
945 297 965 328 6
989 297 1000 338 )

295 374 478 405 (lamentum
496 371 657 414 inquirere
672 369 899 412 neglexerunt,
916 374 1012 411 atque
1027 368 1155 399 omnino
1172 367 1352 411 prudentiae
1370 368 1474 410 potius
1488 368 1612 410 regulas

292 425 462 469 quasdam,
498 436 593 467 quam
624 423 702 467 juris
728 423 883 466 principia
916 421 955 452 de
982 423 1109 454 civitate
1138 427 1170 452 et
1200 422 1334 464 imperio
1362 422 1608 452 constituerunt.

293 480 403 518 Quum
425 478 556 509 Athenis
576 483 608 508 et
625 477 747 512 Romae,
768 475 866 506 libera
888 474 1068 517 republica,
1089 474 1175 517 apud
1193 475 1349 518 populum
1366 480 1445 505 esset
1464 485 1610 517 suprema

293 537 442 574 potestas,
468 536 500 561 et
519 529 558 560 ab
582 529 642 560 hoc
664 528 792 572 publice
819 534 1037 567 exerceretur3
1062 528 1218 570 populum
1240 539 1305 558 esse
1326 538 1487 559 summum
1507 528 1612 570 impe-

292 590 430 622 rantem,
447 583 485 613 ab
507 593 607 624 eoque
623 582 757 614 derivari
773 593 866 613 omne
885 582 1073 624 imperium,
1095 582 1249 613 sententia
1269 587 1337 612 erat
1351 580 1611 624 philosophorum

291 638 436 675 illorum3
456 648 561 679 neque
583 642 689 667 autem
712 636 745 666 hi
766 636 983 666 disseruerunt
1002 635 1041 666 de
1056 646 1109 675 eo,
1130 647 1208 666 num
1226 634 1344 678 populo
1364 635 1458 665 etiam
1481 634 1514 664 in
1534 634 1612 664 uni-

292 701 434 728 xersum‚
451 689 627 720 secuudum
650 689 777 720 rationis
795 690 966 731 principia,
987 694 1180 731 competeret
1201 699 1323 719 summa
1342 693 1492 730 potestaS‚
1511 687 1554 717 ita
1576 692 1612 717 ut

292 744 330 774 ab
355 755 391 774 eo
412 744 475 774 solo
496 743 549 774 illa
576 743 739 774 transferri
759 743 792 773 in
813 742 888 773 alios
910 748 1022 785 posset.
1049 742 1161 784 Neque
1180 741 1278 784 magis
1299 737 1382 771 hanc
1404 739 1610 782 quaestionem

291 803 467 829 tractarunt
500 797 713 827 Romanorum
743 795 976 827 Jurisconsulti.
1010 795 1198 838 Supremam
1231 799 1416 837 potestatem
1447 805 1463 824 a
1492 792 1610 835 populo

291 850 431 892 Principi
452 860 628 880 concessam
649 860 730 888 esse,
756 855 900 880 statuunt
919 849 1049 891 quidem
1076 847 1184 889 Gajus
1203 853 1235 878 et
1258 848 1444 888 Ulpianus,
1468 852 1562 888 atque
1578 845 1609 876 id

291 914 418 945 quoque
440 902 534 933 tradit
554 903 752 933 Justinianus
773 902 946 943 Imperator
966 902 1022 943 (1).
1050 901 1172 932 Verum
1193 900 1416 931 Jurisconsulti
1436 900 1482 930 illi
1503 900 1611 942 Impe—

290 961 406 985 ratores
423 960 545 984 tantum
567 954 721 984 Romanos
737 953 848 995 populi
869 964 1024 983 consensu
1045 959 1077 983 et
1095 954 1303 984 conventione
1323 964 1485 984 summum
1505 953 1609 994 impe-

290 1008 373 1038 rium
395 1008 549 1048 accepisse
564 1005 693 1045 doceut3
718 1017 824 1048 neque
841 1012 944 1036 tamen
967 1006 1015 1045 id,
1036 1006 1121 1048 quod
1142 1005 1213 1049 jure
1229 1006 1357 1048 publico
1371 1007 1511 1036 Romano
1527 1005 1610 1036 obti-

290 1060 376 1098 nuit,
397 1065 557 1100 tamquam
580 1059 773 1100 principium
794 1059 973 1090 universale
996 1058 1035 1089 ab
1055 1059 1092 1089 iis
1112 1059 1307 1101 propositum
1328 1069 1394 1088 esse
1414 1069 1607 1089 censeamus.

334 1111 382 1142 Ab
397 1112 529 1142 interitu
550 1111 675 1153 imperii
694 1111 824 1141 Romani
840 1112 873 1142 in
895 1111 1068 1142 Occidente
1087 1122 1189 1153 usque
1209 1111 1249 1142 ad
1269 1111 1436 1142 Sacrorum
1454 1111 1610 1142 reforma—

290 1165 425 1203 tionem,
454 1163 532 1207 juris
563 1163 682 1205 publici
712 1164 897 1195 universalis
927 1164 1030 1195 studia
1061 1165 1197 1196 fuerunt
1225 1164 1325 1195 nulla.
1361 1163 1544 1206 Philosophi
1575 1164 1609 1194 iu

290 1216 476 1259 explicando
496 1222 551 1247 aut
569 1216 785 1259 impugnando
807 1217 974 1248 Aristotele
990 1217 1189 1260 satagebant3
1213 1223 1245 1248 et
1263 1217 1474 1248 formularum
1491 1217 1609 1248 dialec-

291 1270 424 1299 ticarum
443 1268 546 1300 studio
569 1270 668 1311 capti,
689 1269 728 1300 de
749 1270 882 1300 civitatis
903 1276 934 1300 et
956 1270 1082 1312 imperii
1103 1271 1225 1313 origine
1243 1276 1340 1313 atque
1359 1276 1471 1301 natura
1495 1281 1609 1312 parum

289 1321 412 1351 solliciti
445 1326 544 1352 erant.
579 1321 730 1364 Theologi
761 1328 867 1353 autem
895 1322 973 1366 juris
998 1322 1118 1365 publici
1147 1323 1334 1356 universalis
1366 1323 1609 1365 explicationem

289 1373 444 1416 putabant
467 1379 589 1415 partem
610 1385 675 1405 esse
701 1374 885 1418 theologiae3
915 1375 1050 1417 ideoque
1075 1381 1186 1406 mutua
1214 1376 1442 1418 imperantium
1466 1375 1609 1407 subdito-

288 1437 426 1468 rumque
440 1425 510 1469 jura
525 1437 563 1457 ex
576 1438 660 1457 sacra
677 1427 848 1469 scriptura,
863 1428 1051 1468 canonibus,
1068 1429 1222 1469 conciliis,
1239 1429 1466 1471 sententiisque
1481 1435 1609 1471 patrum

288 1479 443 1518 ecclesiae,
474 1478 670 1510 decidebant.
703 1480 926 1512 Jurisconsulti
955 1482 1087 1512 Romani
1108 1487 1204 1524 atque
1235 1481 1384 1512 Canonici
1410 1481 1450 1512 de
1474 1481 1609 1524 publicis

289 1531 421 1572 negotiis
443 1542 506 1561 non
530 1531 621 1561 aliter
642 1542 739 1574 quam
761 1533 938 1565 secundum
959 1534 1037 1577 juris
1057 1535 1189 1565 Romani
1211 1534 1260 1566 vel
1280 1534 1430 1565 Canonici
1452 1541 1609 1577 praecepta

290 1582 483 1626 judicabant.
522 1584 559 1614 In
588 1584 640 1615 illa
669 1585 766 1627 igitur
791 1592 970 1629 temporum
998 1587 1161 1627 barbarie,
1193 1587 1391 1630 philosophia
1420 1587 1609 1619 scholasticis

289 1636 420 1677 argutiis
440 1641 472 1666 et
497 1637 623 1678 ineptiis
649 1637 806 1678 demersfi,
829 1639 900 1683 jure
920 1646 1027 1672 autem
1047 1641 1185 1672 naturali
1206 1653 1279 1672 eum
1298 1641 1438 1672 Romano
1455 1646 1487 1671 et
1506 1641 1609 1672 Cano-

288 1689 381 1727 nico,
411 1699 470 1719 nec
497 1700 561 1720 non
588 1701 661 1721 cum
687 1691 844 1734 theologia
872 1694 979 1735 inepte
1004 1694 1152 1732 confuso,
1182 1705 1261 1724 num
1287 1694 1395 1724 mirari
1425 1704 1607 1734 possumus,

288 1742 449 1772 neminem
469 1742 502 1772 in
526 1741 604 1785 juris
630 1743 896 1785 fundamentum,
922 1757 1001 1788 quo,
1028 1746 1204 1778 secuudum
1231 1746 1359 1777 rationis
1383 1745 1526 1785 decreta,
1554 1758 1609 1778 su-

288 1799 502 1835 perstructum
523 1797 643 1826 censeri
663 1796 776 1828 debeat
789 1809 951 1830 summum
972 1800 1160 1842 imperium,
1180 1798 1402 1841 inquisivisse?
1426 1798 1610 1830 Communis

319 1905 351 1934 (1)
368 1913 381 1926 «
395 1905 541 1929 Coustitutio
554 1907 671 1937 principis
683 1913 730 1937 est,
745 1909 809 1939 quod
824 1911 957 1940 Imperator
972 1910 1065 1933 decreto
1079 1911 1118 1934 vel
1129 1911 1220 1939 edicio,
1243 1910 1281 1933 vel
1297 1910 1398 1940 epistola
1414 1910 1552 1939 constitum
1567 1918 1609 1934 nec

288 1953 301 1965 n
319 1952 425 1975 unquam
440 1945 577 1969 dubitatum
594 1952 641 1973 est,
656 1948 714 1977 quin
730 1949 755 1971 id
766 1949 823 1979 legis
836 1950 912 1973 vicem
926 1950 1045 1978 obtineat,
1060 1958 1114 1973 cum
1128 1951 1176 1980 ipse
1192 1952 1378 1980 Imperatorper
1389 1951 1467 1980 legem
1481 1950 1610 1980 imperium

289 1991 302 2004 >›
318 1984 443 2013 accipiat.'’
460 1984 542 2007 GAJth
561 1986 691 2010 Comment.
711 1989 774 2010 Inst.
792 1990 819 2014 I,
836 1990 858 2011 5.
875 1998 886 2010 a
897 1989 968 2018 Quod
987 1989 1092 2019 principi
1106 1990 1207 2019 placuit,
1226 1989 1284 2020 legis
1299 1990 1370 2012 habet
1386 1997 1509 2020 vigorem:
1525 1994 1608 2020 utpote

289 2032 302 2044 »
318 2031 393 2053 quum
410 2025 479 2054 Lege
493 2026 589 2055 Regia,
602 2034 653 2056 quae
669 2027 697 2049 de
717 2028 816 2058 imperio
829 2029 879 2057 ejus
895 2029 943 2051 lata
960 2034 1005 2057 est,
1019 2030 1123 2059 populus
1139 2030 1163 2052 ei
1178 2034 1200 2052 e!
1213 2031 1238 2052 in
1252 2037 1305 2051 eum
1319 2037 1388 2052 ornae
1399 2037 1468 2052 suum
1483 2030 1609 2058 imperium

290 2071 301 2083 ›>
318 2067 342 2085 et
352 2067 496 2092 potestatem
512 2065 650 2094 conferatss’
670 2067 702 2090 L.
720 2075 739 2089 ι.
756 2068 793 2091 D.
813 2068 842 2091 de
862 2070 958 2092 constit.
972 2069 1053 2099 princ.
1070 2069 1129 2098 Quae
1146 2069 1243 2099 quidem
1260 2069 1331 2092 verba
1351 2069 1438 2099 repetit
1459 2069 1609 2091 Justinianus

290 2104 315 2125 iu
330 2103 342 2132 §
360 2103 382 2125 6.
399 2104 423 2126 J.
439 2104 468 2126 de
482 2105 506 2126 J.
525 2105 557 2127 Ν.
582 2106 612 2128 G.
632 2110 656 2128 et
680 2107 706 2129 C.
