1747 2620
735 231 847 274 (01)

123 307 219 346 ratio,
242 308 298 350 qui
316 313 493 349 utrumque
509 311 772 349 argumentorum
790 317 891 349 genus
905 306 1001 348 plane
1016 306 1188 351 sejungant
1202 314 1235 339 et
1251 307 1303 341 vel
1320 308 1353 340 in
1369 309 1463 341 theo-

123 363 222 393 retico
244 362 311 401 vel,
333 368 370 393 ut
389 362 542 400 Kantius,
572 361 711 404 practico
730 361 826 392 unice
848 361 1068 404 acquiescant,
1096 367 1129 393 et
1152 373 1226 393 cum
1248 363 1383 394 unicum
1410 376 1463 395 ar-

123 422 316 458 gumentum
338 416 516 458 practicum
537 415 615 447 huic
636 415 762 447 veritati
784 414 1038 447 demonstrandae
1060 415 1206 448 sufficere
1225 415 1340 456 velint,
1357 423 1463 449 cetera

123 471 229 501 onmia
258 482 297 501 ex
326 481 435 501 rerum
465 470 735 513 contemplatione
762 470 860 513 petita
889 469 983 501 nihili
1009 470 1141 501 faciant.
1178 470 1462 509 Quemadmodum

123 524 208 555 enim
228 524 260 554 in
279 523 435 554 nobismet
452 524 526 567 ipsis
549 524 721 555 arctissima
740 529 787 555 est
808 524 938 555 rationis
958 523 1142 555 theoreticae
1163 530 1195 555 et
1215 525 1363 568 practicae
1382 536 1462 556 cou-

122 576 260 621 junctio,
283 578 326 608 sic
351 578 447 609 etiam
473 578 643 621 utriusque
666 578 796 609 rationis
816 584 1006 621 argumenta
1025 583 1127 609 semet
1146 578 1285 610 invicem
1307 578 1463 623 adjuvant

122 622 154 661 et
175 637 365 662 sustentant.
393 631 476 670 Quae
498 638 636 675 utraque
663 644 736 664 cum
762 632 931 664 manifesto
957 644 1014 664 nos
1034 632 1072 664 ad
1095 633 1369 665 immortalitatem
1391 634 1463 665 ani—

122 696 249 717 morum
279 685 457 726 adducant,
491 687 571 729 quin
596 686 673 718 fides
699 693 839 718 nostram
866 686 1003 718 reddant
1027 687 1234 718 certissimam
1260 693 1292 718 et
1315 687 1464 719 omnibus

119 739 416 783 philosophantium
442 739 546 772 dubiis
571 740 742 785 majorem,
768 751 864 771 nemo
890 751 964 771 sana
991 746 1099 771 mente
1125 739 1278 783 praeditus
1306 752 1462 784 umquam

121 793 327 827 dubitaverit.
356 794 462 826 Facile
484 796 584 838 igitur
608 795 801 827 assentimur
825 794 973 826 Ciceroni
993 794 1036 825 ita
1059 793 1196 833 dicenti,
1216 794 1303 837 quod
1326 805 1385 826 nos
1409 795 1462 826 hic

120 847 255 891 symboli
284 849 383 879 instar
406 848 571 880 addimus:
612 850 667 880 Sic
700 850 784 880 milti
805 849 987 891 persuasi,
1017 849 1068 878 stc
1097 848 1228 885 sentio,
1261 859 1336 879 cum
1366 855 1463 880 tanta

120 902 276 933 celeritas
297 903 484 933 animorum
504 903 568 939 sit,
603 909 699 933 tanta
721 904 880 934 memoria
897 902 1177 944 praeteritorum,
1196 900 1462 946 futurorumque

118 955 320 996 prudentia,
356 962 405 986 tot
432 962 540 993 artes,
573 962 688 988 tantae
714 958 894 995 scientiae,
929 963 978 988 tot
997 957 1148 994 inventa,
1177 968 1242 988 non
1259 968 1365 998 posse
1388 969 1462 989 eam

121 1015 297 1047 naturam,
319 1020 408 1053 quae
427 1021 478 1042 res
500 1022 558 1042 eas
578 1013 763 1051 contineat,
789 1024 862 1044 esse
883 1012 1067 1043 mortalem.
1092 1011 1180 1054 (Cic.
1194 1011 1319 1043 desen.
1336 1024 1364 1043 c.
1382 1012 1462 1055 21.)
