1747 2620
710 259 722 301 (
746 259 786 293 67
811 259 824 302 )

98 334 303 366 dislocatione
314 333 638 377 fibro-cartilaginum
648 339 804 365 costarum
819 344 966 366 verarum
980 346 1077 378 quam
1089 334 1128 366 ab
1140 335 1174 367 ea
1187 337 1366 379 spuriarum
1379 338 1436 381 (1)

97 389 235 420 Possunt
254 394 361 432 tamen
383 389 434 420 hae
455 388 597 420 laesiones
613 400 670 432 pro
692 388 777 420 varia
800 388 1044 432 complicatione
1064 390 1207 432 graviora
1229 399 1438 434 symptomata

98 454 286 485 provocare⁷
313 444 352 474 ut
371 454 508 485 sequens
531 443 716 486 exemplum
740 443 853 486 probat
875 442 938 485 (2):
971 454 988 474 ))
1007 443 1098 474 Miles
1121 443 1252 487 sclopeti
1274 445 1341 476 ictu
1363 458 1438 488 per—

100 508 117 527 ))
133 497 256 527 entitur
272 497 305 526 in
322 496 507 540 cartilagine
523 497 624 528 tertiae
644 502 736 528 costae
758 508 840 528 verae
861 496 967 528 lateris
988 497 1121 538 sinistri,
1137 498 1255 530 vulnus
1276 499 1308 530 in
1325 506 1437 542 pectus

99 561 117 580 ))
135 561 200 580 non
228 555 468 596 pelleti‘averat3
499 562 579 582 xena
609 551 749 582 sauciato
775 551 839 582 suit
864 557 963 591 secta,
996 557 1028 583 et
1056 552 1192 595 simplex
1220 552 1348 585 vulneri
1374 554 1438 585 fuit

100 615 117 634 ³>
135 603 302 634 medicatio
324 603 499 649 applicata,
521 605 639 637 vulnus
659 611 767 636 tamen
787 604 1039 637 inflammatione
1058 607 1247 650 corripitur,
1269 613 1382 650 pectus
1399 607 1439 639 ad

98 669 116 688 ))
133 656 243 687 axillas
263 668 366 700 usque
383 663 506 700 tumet,
526 658 614 689 dolor
634 659 722 691 adest
737 659 865 702 capitiS,
887 671 1002 703 magna
1019 660 1187 692 difficultas
1207 663 1438 705 respirationis,

96 713 228 745 »febris
248 719 280 744 et
299 714 403 745 tussis.
428 714 588 745 Violentia
610 720 861 758 symptomatum
884 715 1059 756 suspiciam
1080 721 1189 746 movet
1210 715 1250 747 de
1270 717 1438 747 existentia

96 779 114 798 ))
132 767 262 798 alterius
283 767 425 811 cujusvis
443 768 595 811 gravioris
614 780 734 809 causae3
752 768 869 800 vulnus
885 769 1029 812 aperitur
1044 774 1076 799 et
1092 780 1201 801 revera
1219 770 1438 813 cartilaginem

97 833 114 852 ›)
131 821 148 851 ἐι
170 827 276 852 sterno
297 827 474 863 separatam
497 821 595 852 fuisse
617 823 784 865 apparuit,
808 822 863 853 sed
884 823 917 853 in
939 822 1008 854 loco
1028 834 1085 854 suo
1106 824 1245 854 recessit.
1271 823 1361 855 Miles
1384 824 1438 855 ille

94 887 113 906 ))
131 875 195 906 fuit
213 875 365 918 deinceps
387 875 435 906 uti
458 874 648 918 pleuriticus
667 881 797 918 curatus
818 881 850 907 et
869 875 1001 918 quidem
1019 875 1179 907 sanatus.⁷⁷

139 928 300 960 Omnibus
328 940 404 972 ergo
426 929 470 960 sic
491 929 660 972 persolutis
680 935 777 972 atque
804 931 986 972 perpensis,
1013 941 1181 972 possumus
1207 931 1312 974 quoad
1336 938 1439 963 costa—

93 994 167 1014 rum
204 982 338 1014 vulnera
374 982 534 1023 stabilire3
563 983 680 1022 horum
708 982 918 1014 lethalitatem
944 984 1075 1015 omnino
1100 984 1266 1017 relativam
1295 997 1377 1027 esse,
1407 993 1438 1018 et

93 1037 276 1080 dependere
296 1037 313 1067 a
335 1037 430 1068 variis
445 1043 477 1068 et
494 1036 626 1068 diversis
646 1036 944 1079 complicationibus
963 1037 1081 1080 quibus
1102 1039 1280 1081 stipantur,
1302 1040 1438 1071 horum—

92 1102 157 1134 que
180 1090 365 1122 lethalitatis
384 1090 519 1133 gradum
542 1090 751 1122 determinari
771 1102 835 1121 non
857 1102 964 1133 posse,
988 1092 1047 1122 nisi
1069 1092 1108 1123 ab
1127 1092 1242 1125 horum
1264 1095 1439 1137 complica-

93 1145 189 1175 tionis
215 1144 399 1174 intensitate
430 1144 672 1186 gravitateque,
706 1149 738 1174 et
767 1145 963 1187 caeteroquin
990 1156 1048 1188 per
1075 1157 1107 1177 se
1134 1147 1187 1178 vix
1212 1147 1291 1190 quid
1319 1148 1437 1180 lethale

91 1198 222 1230 habere.
247 1197 337 1229 Idem
358 1197 532 1229 dicendum
554 1203 601 1229 est
621 1196 661 1228 de
683 1196 1023 1241 fibro-cartilaginibus
1041 1205 1211 1232 costarum.

303 1318 412 1361 5111.
472 1329 515 1348 DE
560 1328 792 1348 VULNERIBUS
837 1329 980 1350 STERNO
1026 1331 1226 1353 1Nrmc'ris.

135 1411 287 1443 Sternum
313 1410 456 1443 fractura
482 1417 586 1454 potest
606 1410 659 1443 vel
679 1411 866 1443 contusione
887 1412 976 1453 laedi;
1003 1413 1090 1445 illius
1110 1415 1185 1446 ossis
1205 1415 1300 1456 situs,
1321 1416 1436 1449 multi-

90 1464 214 1509 plicitas
232 1466 374 1509 partium
399 1476 417 1496 e
438 1465 556 1508 quibus
576 1465 611 1496 in
635 1465 755 1510 juniori
776 1472 868 1497 aetate
889 1467 1047 1499 conflatur
1065 1474 1098 1499 et
1121 1475 1228 1500 textus
1249 1471 1435 1513 spongiosus

92 1530 156 1562 quo
177 1519 246 1550 fere
272 1520 397 1563 integre
421 1519 642 1562 componitur,
667 1520 702 1550 in
725 1520 818 1551 causa
841 1527 917 1552 sunt
940 1533 999 1554 cur
1029 1523 1129 1565 ipsius
1154 1523 1307 1556 fracturae
1332 1526 1435 1557 rarius

90 1573 199 1605 locum
221 1573 360 1605 habeant
381 1574 440 1617 (3).
469 1573 555 1605 Illud
579 1580 687 1606 tamen
711 1586 880 1618 nunquam
912 1576 982 1607 fieri
1007 1582 1111 1619 potest
1135 1578 1197 1609 nisi
1228 1578 1308 1610 adsit
1338 1579 1434 1611 simul

90 1628 196 1670 gravis
213 1628 372 1668 contusio,
388 1627 441 1661 vel
455 1628 549 1671 plaga
565 1629 865 1672 integumentorum
885 1633 1119 1663 communium.
1145 1633 1269 1672 Quodsi
1288 1640 1435 1666 sternum

88 1682 265 1725 frangitur,
293 1682 397 1713 simile
417 1682 591 1715 admodum
614 1683 692 1727 quid
719 1684 835 1716 accidit
861 1696 897 1716 ac
919 1685 953 1716 in
972 1685 1122 1718 fracturis
1145 1692 1322 1727 costarum,
1347 1688 1434 1731 quod

90 1735 211 1767 scilicet
231 1747 290 1779 per
309 1747 341 1767 se
361 1736 441 1769 levis
462 1737 503 1768 sit
521 1737 606 1769 laesio
627 1743 659 1769 et
680 1738 834 1779 facillime
854 1739 994 1771 sananda
1014 1740 1080 1783 (4),
1099 1752 1201 1784 quum
1217 1741 1352 1785 simplex
1368 1748 1431 1782 est,

92 1800 150 1821 nec
164 1790 238 1821 ossis
260 1790 441 1834 fragmenta
457 1803 474 1823 a
493 1802 527 1823 se
548 1792 703 1824 secedunt
723 1798 756 1824 et
777 1792 864 1836 quod
886 1794 1069 1836 periculum
1089 1794 1183 1834 lethi,
1206 1795 1292 1838 quod
1315 1796 1431 1827 exinde

91 1844 248 1886 sequitur,
274 1856 339 1876 non
365 1856 405 1876 ex
427 1846 494 1888 ipsa
518 1846 661 1878 fractura
687 1846 741 1878 sed
766 1858 785 1878 e
805 1847 900 1880 variis
928 1848 1225 1891 complicationibus
1252 1850 1429 1892 petendum

89 1897 129 1929 sit
149 1899 266 1942 quibus
288 1899 386 1943 vulgo
406 1901 650 1933 concomitatur.

149 2013 182 2044 (ι)
199 2014 231 2036 L.
250 2014 288 2042 l.,
306 2019 368 2037 tom.
387 2017 410 2038 1.
431 2023 489 2046 pag.
509 2016 548 2038 261
572 2020 595 2039 et
612 2023 679 2047 seqq.

148 2053 181 2083 (2)
198 2054 277 2084 Petit,
297 2055 415 2078 maladies
430 2055 614 2087 chirurgicaleS,
635 2061 697 2079 lom.
717 2058 740 2080 I.
762 2063 819 2087 pag.
839 2055 880 2078 84.

147 2093 180 2123 (5)
197 2093 289 2124 Boyer,
308 2094 354 2117 lib.
373 2095 412 2124 1.‚
431 2099 492 2119 tom.
513 2097 549 2118 11.
568 2104 626 2127 pag.
645 2097 685 2120 65.

148 2132 181 2163 (4)
198 2133 283 2164 lbid.,
307 2138 369 2158 tom.
389 2136 427 2159 11.
448 2143 506 2167 pag.
524 2136 565 2160 66.
