1747 2620
863 282 874 323 (
898 281 940 322 40
964 282 975 323 )

259 365 291 390 et
319 358 468 401 deinceps
496 358 693 401 magistratui
724 357 865 388 animum
893 355 1055 386 declarant
1080 362 1269 398 perpetuam
1300 356 1528 389 habitationem
1556 359 1589 389 in

258 424 358 455 regno
385 412 618 451 constituendi,
655 411 773 454 pariter
802 411 880 452 legis
914 409 1068 441 beneficio
1097 409 1205 453 Belgae
1241 411 1343 451 fiunt,
1383 411 1591 455 gaudentque

258 467 407 498 omnibus
429 466 598 509 Belgarum
625 465 769 508 juribus,
796 470 865 494 tum
894 463 1048 506 puhlicis,
1078 470 1146 494 tum
1172 465 1318 506 privatis,
1346 476 1448 508 quum
1470 466 1588 505 iidem,

259 520 331 564 jure
356 520 497 559 Gallico,
534 520 582 550 his
610 516 851 549 solennitatibus
880 517 1026 557 servatis,
1056 523 1163 549 tamen
1194 519 1227 549 in
1260 518 1316 550 sua
1345 520 1588 562 peregrinorum

260 575 440 605 conditione
466 579 661 605 remaneant.

303 672 374 702 XII.
411 672 644 710 Quaestionem,
680 682 720 702 an
743 669 822 713 juris
847 668 962 700 Gallici
987 668 1223 711 dispositionem
1252 668 1291 699 de
1313 669 1473 700 extraneis
1497 671 1588 714 regni

258 726 355 756 nostri
376 724 486 755 incolis
507 735 545 755 ex
563 724 644 766 regis
663 724 753 756 venia
776 723 885 763 factis,
907 722 970 765 jam
991 734 1079 753 nunc
1094 723 1242 765 excipere
1264 722 1377 754 debeat
1394 723 1504 766 regula
1528 730 1586 756 art.

259 780 289 810 5.
314 780 361 809 tit.
383 780 414 809 2.
437 778 491 808 lib.
519 780 547 808 1.
572 777 647 808 Cod.
670 777 737 808 Civ.
758 776 848 819 Belg.
869 781 1003 815 statuta,
1032 775 1124 817 cujus
1149 777 1214 807 vim
1235 787 1340 819 nuper
1363 777 1588 819 exposuimus,

258 845 352 875 supra
376 832 493 875 (num.
519 832 562 862 VI
583 838 615 862 et
635 831 694 861 VII
718 830 815 874 hujus
838 830 966 873 expos.)
995 829 1186 869 rationibus,
1214 835 1252 860 ut
1283 830 1429 871 videtur,
1456 831 1589 862 minime

258 886 380 925 dubiis,
406 886 535 916 omnino
556 884 733 927 negandam
758 895 824 915 esse
848 884 1051 914 asseruimus.

302 939 390 970 Nihil
414 941 513 982 igitur
539 938 658 977 obstat,
688 939 860 980 quominus
883 937 944 980 jam
970 936 1095 978 singula
1118 936 1223 968 civilia
1249 935 1318 979 jura
1341 937 1519 980 peregrinis
1534 939 1589 980 qui

258 1005 322 1024 non
347 1004 385 1024 ex
411 994 493 1035 regis
514 992 703 1023 auctoritate
724 991 830 1023 sedem
852 990 887 1021 in
910 988 1021 1032 Belgio
1046 990 1298 1029 constituerunt,
1324 991 1412 1032 apud
1435 1003 1490 1022 nos
1512 1003 1591 1023 con—

258 1059 341 1079 cessa
365 1058 599 1078 recenseamus

303 1145 390 1176 XIII.
424 1145 524 1186 Leges
544 1150 651 1175 autem
675 1144 709 1173 in
734 1143 861 1173 civitate
886 1140 1027 1172 ferendae
1048 1139 1087 1172 de
1112 1139 1242 1182 privatis
1264 1139 1465 1182 singulorum
1490 1151 1593 1182 nego-

260 1199 326 1238 tiis,
349 1198 387 1229 ad
404 1197 565 1240 duplicem
584 1208 730 1239 scopum,
747 1195 851 1238 quoad
875 1195 1076 1226 subditorum
1096 1194 1182 1225 inter
1201 1204 1233 1224 se
1255 1192 1343 1237 jura,
1366 1193 1522 1224 tendunt:
1541 1193 1593 1225 vel

258 1253 345 1283 enim
363 1251 594 1289 determinant,
619 1261 767 1292 quaenam
789 1249 852 1279 sint
868 1249 920 1279 illa
942 1248 1031 1291 jura,
1058 1258 1237 1290 eorumque
1255 1246 1411 1277 ambitum
1428 1252 1460 1277 et
1475 1246 1594 1278 limites

258 1305 432 1344 definiunt,
459 1303 509 1336 vel
531 1314 651 1334 normoe
677 1302 835 1346 cujusque
861 1301 900 1332 de
921 1301 983 1331 illis
1005 1301 1076 1332 latae
1098 1302 1293 1331 sanctionem
1315 1299 1488 1343 quamdam
1513 1311 1593 1331 con-

257 1359 440 1397 stituentes,
464 1357 671 1399 praecipiunt,
698 1355 776 1398 quid
796 1355 926 1397 privatis
951 1354 1094 1397 legitime
1116 1353 1301 1385 faciendum
1324 1355 1380 1393 sit,
1410 1360 1448 1386 ut
1467 1365 1509 1385 ne
1535 1355 1594 1385 ista

257 1411 376 1443 effectu
395 1411 596 1442 destituatur.
620 1410 665 1440 Ae
682 1410 797 1452 saepius
818 1408 947 1451 quidem
964 1408 1034 1451 jura
1057 1409 1179 1451 privata
1195 1419 1252 1438 seu
1273 1408 1379 1440 civilia
1393 1408 1454 1439 hoc
1470 1408 1594 1450 duplici

256 1470 405 1508 respectu
426 1463 621 1495 considerata
643 1464 678 1494 in
703 1474 806 1494 unum
830 1462 1097 1502 confunduntur,
1125 1462 1269 1504 adeoque
1295 1461 1367 1504 jura
1393 1463 1594 1505 privatorum

258 1519 342 1549 inter
364 1529 413 1558 se,
439 1524 536 1561 atque
554 1517 657 1548 media
679 1515 857 1548 adhibenda
874 1521 911 1547 ut
928 1516 981 1547 illa
998 1522 1078 1546 sarta
1099 1521 1182 1547 tecta
1203 1521 1389 1555 serventur,
1411 1517 1594 1558 promiscue

259 1577 478 1614 exponuntur.
520 1571 623 1602 Satius
645 1577 754 1603 autem
780 1569 870 1600 nobis
895 1569 1023 1601 videtur
1046 1569 1085 1600 de
1109 1575 1246 1612 utroque
1276 1580 1393 1612 genere
1422 1571 1593 1613 separatim

260 1625 429 1665 disserere,
455 1637 491 1656 ac
514 1626 655 1668 primum
678 1624 748 1668 jura
771 1629 998 1655 extraneorum
1022 1622 1147 1662 civilia,
1178 1622 1451 1665 quemadmodum
1476 1624 1592 1655 Codice

259 1685 365 1709 nostro
384 1679 485 1717 civili⁷
512 1678 634 1721 poenali
656 1678 706 1710 vel
727 1677 940 1709 commerciali
961 1677 1137 1719 generatim
1159 1676 1374 1716 definiuntur,
1401 1677 1517 1708 deinde
1542 1677 1592 1720 jus

259 1732 485 1776 jurisdictionis
508 1733 581 1774 ipsis
602 1742 784 1763 concessum
805 1741 976 1773 exponere.

304 1828 392 1860 XIV.
427 1829 608 1871 Antequam
630 1828 753 1872 singula
780 1839 1026 1860 commemorem
1046 1829 1168 1872 privata
1189 1834 1416 1859 extraneorum
1432 1828 1464 1858 in
1480 1827 1592 1872 Belgio

260 1881 348 1926 jura,
368 1881 564 1913 monendum
591 1889 658 1922 est,
680 1883 832 1926 quasdam
855 1883 965 1925 legum
986 1883 1020 1914 in
1042 1883 1198 1926 privatam
1224 1881 1396 1925 Belgarum
1419 1881 1593 1914 utilitatem

261 1936 511 1978 conscriptarum
534 1935 767 1979 dispositioneS,
795 1937 909 1968 natura
934 1937 990 1968 sua
1013 1937 1120 1980 Belgis
1146 1937 1188 1967 ita
1210 1936 1352 1979 proprias
1373 1946 1459 1975 esse,
1487 1942 1525 1967 ut
1550 1947 1592 1967 ne

262 2000 336 2020 cum
358 1989 432 2031 ipsis
456 1988 585 2031 quidem
612 1991 786 2029 extraneis,
819 1992 875 2034 qui
904 2001 945 2022 ex
969 1992 1051 2034 regis
1076 1991 1169 2023 venia
1197 1990 1393 2021 domicilium
1420 1991 1453 2020 in
1480 1989 1591 2032 Belgio

261 2041 497 2082 stabiliverunt,
515 2044 805 2075 communicentur.
828 2044 987 2076 Videlicet
1007 2051 1141 2085 statuta,
1159 2055 1230 2088 quae
1246 2044 1377 2084 dicunt,
1397 2043 1590 2086 personalia,

262 2097 283 2127 i.
299 2108 328 2128 e.
351 2107 422 2139 quae
444 2107 584 2140 personae
607 2103 724 2129 statum
741 2098 915 2140 definiunt,
939 2105 971 2131 et
990 2098 1030 2131 ob
1050 2099 1137 2132 hunc
1156 2105 1275 2131 statum
1296 2097 1436 2141 aliquem
1452 2096 1593 2129 habilem
