1747 2620
747 243 860 286 (51)

120 319 255 359 exinde,
274 318 360 362 quod
380 319 506 350 animus
528 324 651 350 naturae
670 316 793 350 viribus
812 317 933 349 destrui
954 318 1086 361 nequit,
1109 320 1285 351 necessario
1304 322 1465 364 sequitur,

121 385 196 405 eum
220 385 285 405 non
308 374 408 416 magis
429 373 551 406 viribus
576 373 645 404 aliis
668 371 861 416 quibusdam
884 384 919 403 ac
944 373 1083 417 physicis
1103 385 1193 417 posse
1215 375 1375 418 extingui.

165 428 236 459 Jam
257 428 343 471 quod
365 429 480 459 attinet
504 427 543 458 ad
568 427 621 458 illa
643 432 853 470 argumenta,
878 438 950 470 quae
972 439 1011 458 ex
1031 434 1146 459 natura
1168 428 1310 460 humana
1332 429 1466 473 ejusque

121 482 229 513 indole
254 482 358 513 indies
383 482 422 513 ad
447 481 599 526 majorem
628 482 863 525 perfectionem
887 482 1062 514 excolenda
1083 489 1181 527 atque
1203 484 1378 516 evolvenda
1402 486 1466 516 du-

121 543 259 577 cuntur,
284 537 395 568 iisdem
421 537 518 568 etiam
540 537 734 568 evidentiam
755 549 827 580 quae
849 536 1109 569 dissentientibus
1128 539 1355 570 convincendis
1377 540 1467 571 sulli-

122 592 202 630 ciat,
220 592 351 622 omnino
374 590 482 622 deesse
501 591 596 623 facile
615 591 837 635 intelligimus.
857 591 929 622 Non
951 592 1082 635 quidem
1101 604 1213 625 eorum
1232 595 1277 625 vis
1292 605 1329 625 eo
1347 595 1468 626 infrin-

120 646 226 689 gitur,
258 645 345 688 quod
373 646 485 678 niultae
508 658 643 690 ‚quoque
672 647 790 690 plantae
817 652 849 677 et
870 646 1019 677 animalia
1049 648 1276 690 reperiuntur,
1304 660 1377 691 quae
1403 661 1468 680 non

118 711 189 731 eam
212 700 382 743 acquirant
403 701 655 743 perfectionem,
685 713 783 744 quam
807 707 916 735 tamen
940 712 1053 732 eorum
1077 707 1193 733 natura
1217 714 1331 745 capere
1356 705 1464 746 possit.

117 755 164 786 Ita
185 756 271 786 enim
291 761 453 798 punctum
471 757 670 799 quaestionis,
694 761 732 787 ut
751 754 860 797 ajunt,
881 761 1037 786 mutatur.
1058 755 1120 786 Sed
1141 756 1296 787 nimirum
1314 756 1368 788 hic
1388 769 1468 788 con-

117 808 280 850 tenditur,
301 809 427 853 plantas
450 816 482 841 et
501 809 641 850 belluas,
665 810 690 841 si
712 810 805 841 modo
826 809 916 841 nulla
938 810 1138 842 extrinsecus
1157 810 1341 842 inferantur
1362 812 1468 854 impe-

118 864 278 903 dimenta,
305 875 343 895 eo
364 865 535 906 pervenire
555 876 662 908 posse,
683 865 829 896 homines
851 871 977 904 contra,
1002 865 1027 896 si
1050 864 1101 897 vel
1120 865 1153 895 in
1175 865 1294 908 optima
1314 876 1351 896 ac
1369 865 1468 897 laetis—

116 919 195 949 sima
216 918 332 950 indolis
352 919 542 961 ingeniique
564 919 732 950 excolendi
750 919 933 950 conditione
952 925 985 950 et
1007 920 1249 962 opportunitate
1270 921 1334 952 sint
1354 921 1466 963 positi,

117 972 209 1003 nullo
230 978 391 1014 tempore,
409 973 629 1015 quamtumvis
648 972 809 1013 laborent,
826 973 864 1005 ad
884 984 960 1005 eum
976 973 1169 1005 adscendere
1189 974 1325 1017 gradum
1343 975 1466 1015 valent⁷

118 1024 157 1056 ad
178 1036 276 1068 quem
296 1037 312 1056 a
334 1031 449 1057 natura
471 1026 621 1057 destinati
641 1026 804 1057 videntur.
834 1026 949 1069 Neque
970 1026 1132 1058 refellitur
1154 1027 1215 1058 hoc
1235 1035 1466 1070 argumentum

118 1090 172 1118 eo,
196 1079 282 1121 quod
301 1079 384 1109 hanc
404 1080 637 1120 perfectionem
658 1078 957 1122 absolutionemque
976 1081 1010 1110 in
1030 1081 1180 1112 universo
1202 1087 1328 1113 tantum
1348 1093 1467 1124 genere

116 1132 239 1174 requiri
261 1131 385 1171 dicant,
406 1142 471 1162 non
493 1143 570 1164 vero
590 1132 625 1163 in
645 1131 780 1175 singulis
800 1131 967 1175 quibusvis
988 1133 1183 1166 hominibus.
1210 1135 1278 1167 Hoc
1300 1137 1387 1167 enim
1409 1136 1467 1168 ab-

114 1185 226 1216 horret
249 1196 266 1215 a
291 1184 465 1227 dignitate,
487 1196 586 1228 quam
606 1185 833 1229 unusquisque
854 1198 929 1218 cum
951 1188 1101 1220 omnibus
1121 1188 1219 1220 habet
1240 1201 1464 1232 communem3

114 1244 148 1270 et
168 1237 256 1281 quod
279 1237 319 1269 de
339 1238 474 1281 singulis
494 1238 599 1279 valet,
628 1239 688 1271 hac
713 1241 747 1271 in
768 1251 803 1272 re
829 1240 915 1273 valet
935 1242 975 1273 de
999 1242 1164 1283 omnibus,
1188 1245 1310 1288 quippe
1333 1256 1375 1277 ex
1399 1252 1465 1277 toto

113 1292 259 1324 humano
281 1304 400 1335 genere
416 1304 512 1324 nemo
533 1305 619 1325 unus
639 1300 757 1326 metam
776 1295 836 1338 ipsi
859 1297 1053 1339 propositam
1072 1298 1213 1341 attingit.
1237 1298 1280 1330 At
1298 1310 1375 1333 vero
1396 1300 1465 1332 aliis

114 1346 356 1379 difficultatibus
371 1346 478 1379 haecce
495 1350 731 1391 argumentatio
751 1350 923 1392 premitur.
942 1351 1055 1390 Quum
1072 1354 1254 1384 accuratius
1270 1364 1341 1385 eam
1360 1354 1464 1398 inspi-

113 1402 252 1442 ciamus,
273 1401 335 1433 hoc
362 1402 585 1434 tantummodo
606 1402 688 1435 effici
709 1404 872 1444 videmus,
897 1405 1030 1438 alteram
1050 1406 1183 1450 quidem
1202 1407 1268 1440 sive
1287 1408 1462 1441 secundam

113 1456 212 1489 vitam
235 1466 302 1487 esse
323 1455 485 1496 futuram,
511 1468 577 1488 non
602 1468 679 1490 vero
700 1464 869 1499 aeternam,
893 1459 927 1490 in
948 1471 1013 1502 qua
1035 1471 1110 1493 vera
1130 1461 1275 1493 cernitur
1295 1462 1463 1494 immorta-

113 1509 195 1542 litas.
219 1510 359 1553 Cogitari
378 1511 463 1543 enim
481 1517 601 1555 potest,
623 1512 658 1544 in
680 1512 779 1545 altera
795 1513 934 1557 quadam
954 1515 1019 1547 vita
1041 1515 1159 1546 mentis
1180 1515 1333 1548 humanae
1354 1517 1462 1548 facul—

114 1570 195 1596 tates
220 1564 260 1595 ad
284 1565 476 1608 completam
505 1566 748 1611 absolutamque
773 1568 1006 1612 perfectionem
1037 1569 1166 1601 tandem
1197 1570 1366 1602 excultum
1398 1571 1459 1612 iri;

115 1618 202 1662 quod
222 1624 332 1651 autem
355 1619 520 1663 fastigium
538 1622 636 1654 simul
657 1628 754 1666 atque
776 1623 963 1666 impositum
984 1623 1022 1654 iis
1044 1623 1160 1664 suerit,
1183 1625 1313 1667 penitus
1329 1618 1461 1668 'peritu-

114 1684 164 1704 ras
184 1683 261 1704 esse.
294 1673 337 1704 At
361 1673 497 1706 ulterius
522 1676 619 1707 etiam
643 1676 794 1720 progredi
817 1683 949 1720 possunt
970 1677 1155 1710 adversarii.
1190 1678 1347 1718 Quamvis
1372 1681 1460 1711 enim

116 1737 172 1758 nos
194 1727 322 1772 majoris
352 1739 425 1771 quae
451 1729 486 1760 in
510 1735 669 1762 aeternum
692 1742 725 1762 se
751 1731 923 1772 extendat,
951 1731 1159 1775 perfectionis
1185 1733 1284 1764 simus
1307 1745 1457 1776 capaces,

116 1780 249 1822 exinde,
271 1783 330 1814 nisi
352 1782 424 1826 plus
445 1783 529 1828 justo
551 1784 611 1816 sibi
631 1784 774 1818 vindicet
796 1785 1041 1827 demonstratio,
1066 1798 1132 1818 non
1150 1788 1327 1818 necessario
1346 1799 1460 1820 conse-

90 1881 92 1883 >
117 1834 245 1876 quitur,
271 1847 341 1868 eam
366 1849 478 1870 revera
501 1840 545 1870 ita
565 1839 672 1872 locum
693 1851 760 1872 esse
782 1840 978 1873 habituram.
1008 1842 1050 1872 Et
1070 1842 1255 1884 ignoramus
1280 1853 1338 1873 nos
1363 1842 1457 1874 aliam

116 1893 214 1930 atque
239 1896 449 1932 praesentem,
475 1893 553 1926 dum
582 1895 726 1927 sensibus
755 1908 867 1928 sumus
893 1896 1054 1935 adstricti,
1079 1896 1303 1937 existentiam,
1335 1898 1456 1941 quippe

116 1952 215 1984 quam
240 1953 347 1986 neque
370 1945 512 1978 sensibus
532 1949 699 1992 percipere
718 1961 826 1993 neque
848 1950 938 1981 finita
959 1955 1065 1981 nostra
1091 1950 1304 1994 intelligentia
1331 1953 1455 1995 assequi

114 2000 152 2026 ut
172 1995 331 2028 infinitam
352 2003 385 2029 et
404 2000 572 2043 complecti
594 2002 738 2034 valemus
760 2003 819 2046 (1).

173 2088 219 2118 (ι)
234 2088 275 2112 Cf.
296 2089 379 2121 Krug,
397 2090 570 2117 fundamental
588 2094 753 2127 philosophie,
774 2097 812 2121 th.
832 2098 856 2122 1.
876 2097 960 2121 absch.
980 2106 1006 2122 2.
1028 2099 1040 2129 §
1057 2099 1096 2122 84.
1118 2104 1206 2123 annot.
1225 2102 1279 2124 3111
1301 2100 1359 2123 fine.
