1747 2620
892 305 968 348 <4ss
993 305 1006 349 >

325 383 411 414 Idem
439 383 478 413 (le
506 382 636 424 reliquis
668 379 815 412 omnibus
841 378 1055 410 contractibus
1086 379 1244 422 judicium
1276 387 1362 420 esto,
1394 392 1473 424 quos
1507 393 1615 415 omnes

280 438 440 481 peregrini
465 437 544 467 inire
567 441 708 478 queunt,
731 435 772 465 ita
795 440 902 464 tamen
924 439 960 464 ut
979 434 1009 463 111
1028 433 1176 463 omnibus
1196 434 1303 464 Locus
1326 441 1423 477 regat
1447 441 1570 466 actum.

324 545 476 577 XXVIII.
517 542 611 581 Quod
631 553 706 574 vero
727 542 765 572 ad
782 541 831 584 jus
846 542 1003 583 pignoris,
1025 540 1185 583 privilegii
1207 541 1256 572 vel
1275 540 1463 584 hypothecae
1485 543 1614 582 attinet,

281 612 319 632 ex
336 597 522 641 supradictis
540 595 685 639 profluit,
705 601 736 626 et
751 595 831 626 illud
848 595 1006 625 extraneis
1023 595 1055 624 in
1075 593 1183 637 Belgio
1199 606 1382 625 concessum
1398 606 1474 626 esse.
1493 595 1617 627 Verum

280 653 358 697 juris
380 651 581 695 hypothecae,
604 656 673 680 tuin
691 649 959 685 conventionalis,
983 655 1052 679 tuin
1075 647 1266 690 judiciariae,
1288 649 1479 680 exercitium
1501 650 1617 692 saepius

280 708 401 738 ratione
421 705 582 748 peregrini
602 703 731 734 limitari
750 709 866 746 potest,
887 703 926 733 ob
947 703 1025 746 juris
1048 702 1170 746 publici
1191 703 1353 745 regulam,
1373 703 1456 734 art.is
1478 705 1563 736 2123
1585 711 1617 736 et

280 761 366 791 2128
391 759 425 789 C.
447 758 482 788 C.
507 757 663 800 agnitam,
692 756 754 799 qua
779 768 842 787 non
868 756 921 786 alii
948 762 1036 787 actus
1063 757 1101 787 ad
1129 756 1292 799 publicam
1319 758 1558 788 exsecutionem
1583 759 1616 789 in

280 813 389 856 Belgio
410 811 642 850 admittuntur,
663 810 723 840 nisi
744 809 860 852 quihus
876 810 985 852 legum
1004 811 1167 853 inscriptio
1185 816 1217 841 et
1234 810 1376 842 clausula
1394 811 1617 843 auctoritatem

280 867 366 910 apud
385 877 440 897 nos
460 864 594 896 dederit.

323 972 448 1003 XXIX.
488 971 595 1008 Quam
617 970 756 1000 maxime
780 975 887 1001 autem
912 981 1027 1012 anceps
1051 977 1097 1001 est
1117 973 1266 1013 quaestio,
1294 984 1333 1003 an
1356 979 1388 1003 et
1408 972 1489 1004 illud
1511 973 1618 1016 hypo-

280 1026 382 1058 thecae
404 1024 470 1069 jus,
494 1023 580 1067 quod
602 1022 683 1054 art.is
703 1024 785 1053 2121
810 1029 842 1054 et
862 1024 948 1054 2135
972 1023 1007 1054 C.
1027 1023 1062 1053 C.
1086 1025 1297 1055 constitutum
1318 1032 1379 1064 est,
1399 1027 1551 1067 quodque
1568 1027 1620 1068 ius

279 1078 467 1123 hypothecae
485 1077 594 1120 legalis
613 1076 744 1116 dicitur,
769 1077 865 1107 etiam
888 1077 1047 1107 extraneis
1067 1077 1101 1107 in
1124 1076 1233 1119 Belgio
1255 1077 1437 1120 competat?
1465 1078 1620 1109 Manifes—

279 1140 350 1165 tum
372 1137 478 1163 autem
499 1136 559 1169 est,
577 1130 659 1161 hanc
674 1130 882 1173 quaestionem
901 1141 966 1160 non
981 1136 1124 1173 spectare
1140 1131 1179 1161 ad
1198 1131 1285 1162 illam
1301 1130 1439 1173 legalem
1457 1131 1620 1175 hypothe-

281 1199 367 1227 cam,
394 1197 466 1229 quae
493 1185 582 1225 fisco,
609 1184 806 1224 civitatibus,
831 1184 940 1216 aliisve
966 1184 1228 1217 universitatibus
1251 1184 1389 1227 publicis
1414 1185 1619 1225 conceditur,

280 1243 313 1273 in
332 1240 421 1272 bonis
442 1250 553 1271 eorum
574 1239 630 1281 qui
647 1238 709 1269 illis
728 1238 768 1270 ad
787 1240 924 1270 rationes
944 1239 1122 1270 reddendas
1142 1239 1284 1270 obstricti
1306 1245 1396 1279 sunt,
1413 1251 1515 1282 quum
1533 1239 1620 1272 illius

280 1294 483 1327 commodum
503 1303 649 1336 expresse
667 1293 706 1324 ad
722 1299 836 1325 nostrae
853 1294 990 1325 civitatis
1008 1295 1118 1325 fiscum
1134 1299 1231 1336 atque
1249 1294 1475 1325 universitates
1491 1294 1621 1325 restric-

280 1356 349 1381 tum
370 1349 426 1387 sit,
448 1347 534 1379 unde
555 1347 608 1378 hic
629 1352 755 1378 tantum
778 1346 817 1379 de
836 1346 1027 1391 conjugibus
1049 1347 1225 1386 extraneis,
1250 1353 1347 1390 atque
1365 1346 1405 1378 de
1424 1347 1548 1390 pupillo
1568 1347 1618 1380 vel

280 1402 573 1446 tutoreperegrino
595 1400 720 1432 solliciti
740 1401 870 1432 erimus.

324 1509 434 1540 XXX.
473 1507 569 1548 Quod
595 1508 634 1540 ad
664 1508 887 1551 peregrinam,
914 1518 1049 1539 uxorem
1074 1506 1179 1550 Belgae
1206 1506 1342 1546 factam,
1368 1508 1499 1547 attinet,
1529 1507 1620 1538 nulla

280 1574 354 1594 sane
379 1563 499 1594 moveri
522 1568 626 1605 potest
646 1562 874 1601 controversia,
901 1573 1001 1604 quum
1030 1561 1085 1592 illa
1109 1561 1188 1604 legis
1209 1560 1363 1592 beneficio
1387 1561 1490 1604 Belgis
1512 1573 1620 1593 annu-

280 1616 430 1648 meranda
455 1618 505 1647 sit.
534 1617 578 1647 Ea
601 1627 676 1647 vero
700 1627 771 1658 quae
794 1616 963 1658 peregrino
990 1616 1116 1657 nupsit,
1143 1615 1166 1646 si
1189 1616 1287 1657 ipsius
1315 1615 1558 1647 matrimonium
1585 1615 1619 1646 in

281 1670 390 1713 Belgio
413 1669 606 1701 celebratum
627 1676 687 1708 est,
711 1670 789 1700 mihi
812 1669 939 1701 videtur
958 1669 1067 1712 legalis
1083 1668 1272 1713 hypothecae
1288 1669 1321 1700 in
1340 1669 1430 1700 bonis
1450 1670 1555 1700 mariti
1570 1670 1620 1701 sui

282 1724 415 1766 Belgicis
436 1723 637 1755 commodum
659 1723 821 1755 vindicare
846 1722 903 1753 sibi
926 1733 1032 1765 posse,
1059 1728 1157 1765 atque
1184 1723 1217 1753 in
1239 1733 1310 1753 eam
1332 1723 1522 1754 sententiani
1548 1734 1619 1754 mo-

282 1789 373 1816 veor,
394 1783 460 1808 tum
482 1776 520 1807 ob
539 1778 734 1819 principium
755 1777 846 1807 initio
867 1776 965 1820 hujus
980 1777 1077 1819 partis
1099 1777 1280 1819 posterioris
1296 1776 1490 1815 stabilitum,
1511 1782 1620 1807 extra-

282 1842 358 1862 neos
379 1830 525 1862 omnibus
544 1831 654 1874 legum
677 1837 856 1862 nostrarum
882 1831 1025 1863 civilium
1047 1830 1220 1862 commodis
1239 1830 1286 1861 uti
1309 1841 1413 1873 posse,
1434 1831 1494 1861 nisi
1512 1830 1619 1873 aliqua

283 1885 361 1927 legis
382 1885 583 1927 dispositione
608 1885 645 1915 iis
671 1885 785 1927 privati
810 1884 948 1924 fuerint,
976 1891 1046 1916 tum
1066 1884 1134 1915 aliis
1159 1883 1351 1923 rationibus,
1376 1895 1454 1926 quas
1480 1883 1620 1927 inclytus

283 1937 398 1970 Merlin
421 1938 565 1978 adducit,
592 1939 697 1979 Re'p„
723 1945 768 1970 νῦ.
791 1938 952 1980 Remploi,
976 1939 991 1980 ᾗ
1010 1938 1056 1978 II,
1077 1950 1110 1969 n.
1127 1938 1160 1970 9.
1187 1937 1242 1968 Sin
1262 1948 1338 1970 vero
1357 1938 1481 1980 nuptiae
1501 1938 1534 1968 in
1553 1943 1621 1969 ter-

284 1991 393 2023 ritorio
417 1991 519 2022 alieno
539 1992 625 2023 initae
648 1992 785 2031 fuerint,
812 1993 1007 2024 contrarium
1029 1998 1107 2035 puto
1128 1992 1342 2023 decidendum
1366 1992 1445 2023 sore.
1471 1992 1618 2031 Etenim,

285 2045 430 2088 quamvis
445 2044 527 2075 nihil
539 2045 600 2076 tale
614 2046 758 2088 expressa
776 2046 847 2089 lege
862 2047 1020 2079 sancitum
1036 2047 1091 2087 sit,
1106 2046 1316 2078 nihilominus
1332 2046 1365 2078 id
1383 2047 1495 2078 confici
1506 2045 1618 2085 debet,

285 2106 355 2131 tum
377 2110 416 2131 ex
436 2098 576 2141 generali
598 2098 783 2140 legislatoris
804 2106 926 2142 mente,
952 2107 1023 2133 tum
1044 2111 1085 2132 ex
1103 2099 1293 2143 specialibus
1309 2099 1500 2143 quibusdam
1519 2099 1618 2142 ipsius
