1747 2620
905 235 1017 278 (78)

292 315 396 346 tinans
411 325 506 358 super
518 313 636 348 vulnus
650 311 798 355 imposui.
814 310 966 342 Protinus
977 320 1013 340 ac
1024 309 1241 341 continuitatis
1253 308 1368 340 solutio
1384 310 1529 342 instituta
1546 312 1624 353 fuit,

291 371 345 400 ae'r
369 369 551 412 irrumpens
576 368 609 399 in
634 368 803 398 cavitatem
829 363 1022 407 pectoralem
1044 363 1284 405 respirationem
1309 362 1470 395 difficilem
1495 366 1624 397 omnino

291 422 447 461 reddidit,
465 423 611 465 quamvis
630 427 737 452 tamen
756 418 874 450 animal
893 419 925 449 in
944 418 1159 448 suffocationis
1175 417 1319 460 periculo
1337 429 1402 449 non
1418 424 1508 450 esset.
1528 419 1625 452 Volui

291 477 456 520 explorare
477 475 555 519 quid
575 474 795 506 musculorum
822 471 1071 503 abdominalium
1096 472 1269 502 contractio
1291 471 1445 512 efficeret,
1472 478 1569 516 atque
1590 480 1627 506 ut

291 532 408 563 horum
429 530 678 561 contractionem
699 537 904 569 provocarem
929 525 1033 556 cultro
1054 525 1196 556 lacessivi
1219 525 1407 557 cuniculum
1428 537 1552 567 meum,
1571 530 1628 570 qui

291 587 437 630 protinus
456 595 522 616 sese
543 592 783 626 quaquaversus
804 585 1018 622 contorquens
1035 578 1196 610 musculos
1217 578 1432 611 abdominales
1453 582 1628 612 contraxit:

292 649 388 685 atque
417 640 600 678 enimvero,
630 635 725 667 simul
756 646 791 666 ac
822 634 894 665 haec
921 633 1095 664 contractio
1122 632 1231 664 locum
1258 632 1387 673 habuit,
1415 634 1533 666 animal
1563 646 1629 666 non

292 695 430 739 amplius
448 700 486 725 ut
507 698 598 723 antea
621 689 782 722 difficilem
805 688 953 731 spiritum
973 685 1126 726 ducebat,
1153 686 1208 718 sed
1228 698 1333 726 nunc,
1359 687 1522 719 hiantibus
1541 689 1629 720 nari-

292 750 368 789 buS,
388 753 497 791 aperto
517 757 571 777 ore
589 751 620 776 et
635 755 699 775 non
720 743 780 774 nisi
798 753 855 784 per
875 741 1052 784 singultus,
1067 740 1154 771 lento
1173 740 1232 772 sihi
1247 741 1470 782 succedentes,
1491 742 1630 775 halitum

292 803 456 842 trahebat,
482 801 603 844 pluries
623 809 689 830 sese
712 798 878 836 contorsit,
901 795 955 827 sed
976 807 1041 838 quo
1061 795 1159 837 magis
1181 805 1247 826 sese
1271 795 1315 826 sic
1341 795 1567 836 contrahebat,
1592 808 1630 828 eo

292 857 452 890 difficilius
470 861 502 886 et
522 854 614 885 anxia
632 853 731 895 magis
754 862 820 882 sese
841 850 1006 893 respiratio
1031 848 1160 887 habuit,
1184 859 1286 891 eoque
1309 850 1407 892 magis
1424 862 1440 880 a
1457 861 1490 881 se
1509 850 1631 882 distan—

292 912 379 944 tibus
393 908 568 942 intervallis
584 906 731 938 redibant
746 903 921 947 singultus,
938 903 1039 934 donec
1056 902 1212 944 denique,
1231 901 1294 934 vita
1309 903 1391 934 intra
1410 902 1482 934 bina
1498 910 1555 935 aut
1570 906 1630 936 tria

293 966 419 997 minuta
439 964 540 1006 prima
567 959 735 998 exhausta,
757 959 870 1002 periit,
890 956 988 1000 hujus
1007 955 1143 987 cadaver
1164 957 1267 994 secui,
1289 962 1321 987 et
1336 958 1502 999 sequentia
1522 957 1631 989 obser-

293 1019 377 1051 vavi.
398 1017 459 1047 Cor
479 1014 628 1058 scalpello
645 1019 765 1044 tactum
782 1011 888 1042 adhuc
908 1009 1173 1049 e011trahebatur3
1193 1009 1362 1052 pulmones
1376 1011 1410 1041 in
1425 1012 1633 1054 posteriorem

294 1071 446 1104 Thoracis
462 1075 584 1113 partem
602 1067 713 1111 rejecti
729 1072 761 1097 et
776 1065 815 1097 ad
832 1066 978 1108 quintam
994 1065 1043 1096 sui
1063 1063 1234 1096 voluminis
1250 1071 1373 1107 partem
1390 1066 1510 1097 redacti
1525 1072 1632 1106 erant,

295 1126 520 1169 diaphragma,
545 1123 597 1154 cui
621 1121 661 1152 ad
685 1120 768 1151 latus
794 1119 912 1151 vulnus
934 1117 1107 1149 intuleram
1133 1130 1221 1149 nunc
1248 1124 1351 1150 totum
1372 1125 1531 1162 quantum
1552 1120 1634 1151 dila-

294 1185 438 1212 ceratum
458 1183 527 1209 erat
547 1182 579 1207 et
601 1176 766 1217 ingentem
787 1173 911 1203 hiatum
936 1170 1113 1214 praebebat,
1135 1182 1175 1202 ex
1198 1183 1262 1214 quo
1285 1172 1318 1202 in
1338 1172 1482 1204 Thorace
1505 1173 1633 1205 lobulus

294 1234 374 1265 alter
402 1231 526 1274 hepatis
557 1227 788 1272 proeminebat.
829 1226 953 1256 Horum
981 1225 1267 1267 phaenomenorum
1297 1227 1341 1256 sic
1369 1226 1448 1257 mihi
1477 1227 1634 1258 rationem

293 1287 410 1319 reddo:
434 1284 602 1328 pulmones
623 1284 695 1312 aere
714 1281 858 1311 irruente
877 1278 991 1321 pressi,
1015 1277 1164 1309 volumen
1186 1290 1282 1310 suum
1303 1285 1366 1310 tam
1386 1281 1553 1322 insigniter
1571 1281 1635 1312 im·-

295 1343 482 1373 minuerant
505 1343 537 1369 et
563 1336 715 1367 Thoracis
743 1339 866 1377 partem
894 1332 1101 1375 posteriorem
1126 1332 1328 1374 petiverant,
1361 1333 1448 1364 unde
1468 1333 1636 1365 difficultas

294 1393 472 1438 respirandi
491 1390 629 1435 petenda
651 1395 712 1428 est,
734 1387 796 1431 qua
824 1386 941 1417 animal
962 1387 1046 1417 inter
1073 1386 1322 1429 periclitandum
1343 1394 1526 1430 correptum
1552 1388 1634 1429 fuit3

296 1447 545 1493 diaphragmatis
566 1445 684 1477 vulnus
704 1444 736 1474 in
756 1447 881 1473 tantum
903 1446 1105 1479 excreverat,
1126 1451 1165 1471 ex
1186 1451 1224 1471 eo
1244 1441 1347 1483 quod,
1368 1441 1521 1472 musculis
1537 1441 1636 1473 abdo-

296 1502 468 1536 niinalibus
489 1502 523 1532 in
541 1501 659 1532 viscera
679 1495 915 1540 prementibus,
938 1495 970 1526 hi
991 1494 1091 1537 hepar
1107 1494 1193 1537 quod
1213 1494 1339 1526 vulneri
1360 1496 1543 1538 proximum
1569 1502 1638 1527 erat

296 1569 423 1589 sursum
446 1553 669 1598 propulerant,
690 1550 771 1582 illud
792 1556 900 1581 autem
923 1549 1025 1581 viscus
1044 1549 1077 1579 in
1095 1548 1343 1591 diaphragmatis
1360 1549 1484 1580 hiatum
1501 1550 1637 1592 pressio-

296 1622 372 1642 nem
393 1610 554 1648 exercuit,
574 1607 682 1649 sicque
698 1604 796 1648 hujus
815 1603 956 1634 vulneris
974 1602 1231 1645 magnitudinem
1247 1604 1280 1633 in
1296 1604 1489 1634 immensum
1506 1602 1638 1634 adauxit

298 1671 330 1696 et
348 1665 382 1695 in
402 1663 579 1693 Thoracem
601 1659 761 1702 migravit.
786 1657 881 1689 Nulla
899 1657 1029 1700 quidem
1052 1657 1201 1687 intestina
1225 1657 1257 1686 in
1275 1663 1387 1699 pectus
1408 1658 1637 1696 transiverant,

298 1730 372 1750 nam
398 1715 484 1759 apud
508 1713 674 1746 cuniculos
700 1712 799 1754 hepar
825 1717 950 1742 tantum
979 1710 1130 1742 volumen
1155 1709 1265 1749 habet,
1297 1716 1335 1741 ut
1361 1710 1429 1741 sere
1455 1722 1513 1753 per
1539 1716 1638 1742 totam

298 1769 548 1814 diaphragmatis
573 1768 688 1798 faciem
710 1766 896 1797 inferiorem
918 1771 1031 1808 regnet
1049 1771 1082 1795 et
1101 1764 1145 1794 sic
1166 1763 1301 1806 impedit
1321 1764 1494 1806 quominus
1516 1764 1639 1796 ventri-

299 1824 435 1857 triculus
457 1828 490 1854 et
509 1828 622 1853 caetera
644 1821 793 1851 intestina
817 1820 849 1850 in
869 1826 981 1863 pectus
1003 1819 1115 1850 fluant.
1140 1819 1187 1849 Ex
1208 1818 1262 1849 illa
1283 1818 1410 1849 tandem
1433 1819 1640 1861 experimen-

301 1880 420 1911 tatione
451 1875 643 1907 concludere
678 1885 846 1917 possumus
873 1885 999 1917 semper
1029 1871 1250 1916 prementibus
1279 1873 1437 1903 intestinis
1463 1878 1495 1903 et
1524 1872 1640 1915 hepate

301 1932 420 1966 vulnus
445 1930 526 1973 septi
549 1928 718 1960 transversi
741 1929 856 1959 sensim
883 1927 1104 1971 paulatimque
1125 1927 1256 1969 augeri,
1283 1928 1389 1957 aerem
1411 1927 1442 1957 in
1463 1926 1640 1957 Thoracem

302 1991 487 2030 penetrare,
504 1983 672 2027 pulmones
686 1983 788 2025 premi
807 1988 869 2013 tam
885 1982 945 2013 hoc
960 1983 1028 2025 ipso
1044 1983 1132 2020 ae're,
1146 1991 1243 2023 quam
1259 1992 1276 2011 a
1294 1980 1467 2012 visceribus
1482 1980 1640 2011 extraneis

302 2043 336 2072 in
356 2039 533 2071 Thoracem
555 2036 730 2081 propulsis,
752 2036 825 2068 talia
843 2037 941 2081 igitur
962 2036 1095 2069 vulnera
1116 2034 1267 2066 lethifera
1291 2045 1368 2067 esse.
1398 2034 1459 2066 Sed
1482 2034 1550 2065 haec
1570 2044 1640 2065 mea
