1747 2620
736 254 850 297 (19)

507 368 688 400 CAPUT
745 367 1058 400 SECUNDUM.

146 476 330 499 ARGUMENTA
358 474 809 504 PmLOSOPmco-TIOEORETICA‚
845 475 911 501 QUAE
940 474 958 495 Α
989 474 1064 496 SOLA
1095 475 1197 497 RERUM
1225 475 1416 497 OBJECTARUM

531 537 801 559 CONTEMPLATIONE
832 539 888 558 DED
892 539 967 558 UCUN
971 539 1029 559 TUR
1034 552 1041 559 .

164 626 321 669 Expositis
340 626 377 656 iis
397 623 587 664 rationibus,
613 635 684 666 quae
703 623 741 654 ad
764 623 945 655 animorum
963 624 1232 656 immortalitatem
1253 625 1447 668 probandam

120 690 160 711 ex
181 679 385 710 consensione
404 678 548 709 omnium
570 678 715 719 gentium
735 687 771 707 ac
789 676 1004 718 plurimorum
1023 677 1285 720 philosophorum
1304 681 1448 711 testimo—⁴

118 732 180 763 niis
200 732 267 775 peti
287 731 405 771 solent⁷
431 731 494 775 jam
519 729 751 761 transeundum
775 735 823 760 est
845 729 884 760 ad
908 729 995 761 aliud
1017 730 1176 773 quoddam
1201 733 1446 774 argumentandi

119 796 241 829 genus,
276 784 362 828 quod
386 784 426 815 ad
450 782 668 826 philosopham
698 793 834 825 eamque
869 783 1148 825 contemplativam
1183 791 1447 827 argumentorum

117 845 242 882 partem
262 844 393 882 spectat.
415 837 563 876 Quorum
579 836 732 879 expositio
752 842 789 867 ut
805 836 865 867 rite
880 836 1046 878 procedat,
1064 836 1102 867 ad
1119 837 1178 868 tria
1195 838 1313 869 iterum
1329 849 1446 881 genera

117 892 232 923 referri
253 891 370 923 debent
390 897 422 922 et
441 896 583 933 possunt.
608 890 736 921 Etenim
757 889 953 932 philosophi,
975 901 1076 932 quum
1098 890 1286 922 theoreticas
1306 892 1447 923 afferunt

117 944 333 987 prohatIOnes,
355 944 421 975 sive
441 941 634 985 speculando
653 947 685 972 et
705 942 949 985 contemplando
967 949 1249 985 argumentantur,
1267 950 1377 987 petere
1394 955 1447 976 eos

118 996 221 1027 solent
241 1007 280 1027 ex
297 996 493 1038 argumentis
513 994 685 1038 objectivis.
708 994 839 1038 Objecta
860 1007 949 1034 vero,
971 995 1087 1038 quibus
1103 1007 1282 1039 quorumve
1300 998 1448 1040 proprie—

118 1048 235 1080 tatibus
255 1054 444 1091 argumenta
463 1059 519 1079 sua
539 1059 597 1089 pro
615 1047 852 1078 immortalitate
876 1048 1056 1080 animorum
1077 1055 1319 1091 superstruunt‚
1340 1050 1447 1093 tripli-

118 1102 162 1132 cis
181 1106 256 1131 sunt
276 1100 414 1142 generis,
435 1100 502 1141 ipsa
518 1100 615 1130 animi
630 1106 760 1140 natura,
777 1101 878 1130 omnis
897 1101 969 1132 dein
986 1113 1058 1143 quae
1073 1102 1236 1133 hominem
1252 1103 1445 1143 circumdat,

116 1165 225 1185 rerum
245 1153 450 1193 universitas,
466 1153 553 1184 Deus
573 1153 728 1196 denique,
751 1154 930 1185 animorum
947 1155 1035 1196 origo
1049 1160 1080 1185 et
1100 1161 1220 1187 auctor.
1247 1156 1329 1187 Sunt
1347 1157 1448 1199 igitur

114 1206 167 1239 vel
187 1206 419 1249 metaphysica,
450 1217 525 1249 quae
551 1206 590 1237 ab
614 1207 681 1249 ipsa
707 1208 805 1238 animi
830 1214 946 1239 natura
970 1208 1155 1250 incorporea
1181 1215 1278 1252 atque
1308 1210 1446 1253 simplici

113 1259 297 1298 ducuntur,
320 1259 372 1291 vel
393 1258 596 1301 teleologica,
622 1271 693 1302 quae
718 1260 868 1292 nituntur
894 1261 1036 1304 analogia
1063 1263 1166 1292 omnis
1189 1273 1300 1294 rerum
1322 1258 1446 1295 naturae

112 1317 146 1343 et
166 1317 312 1343 accurata
335 1312 433 1342 totius
456 1317 579 1342 naturae
602 1312 752 1344 humanae
774 1313 1058 1356 contemplatione;
1086 1314 1138 1346 vel
1158 1314 1297 1358 denique
1319 1315 1445 1347 theolo-

114 1366 183 1408 gica
202 1376 274 1408 quae
293 1370 451 1407 petuntur
466 1374 506 1395 ex
523 1363 606 1408 justa
627 1365 686 1396 Dei
705 1367 835 1397 notione
856 1366 989 1410 ejusque
1009 1367 1176 1399 adtributis
1193 1368 1325 1409 divinis,
1347 1375 1444 1412 atque

111 1429 152 1450 ex
180 1417 250 1461 ejus
272 1417 389 1448 finibus
413 1428 581 1448 causarum
606 1418 665 1449 sibi
686 1420 794 1461 positis
817 1420 851 1450 in
877 1421 991 1452 mundi
1016 1421 1251 1465 hominumque
1273 1433 1443 1456 conserva—

112 1471 199 1503 tione
218 1477 251 1502 et
269 1470 510 1513 gubernatione.
537 1471 586 1503 De
605 1472 737 1515 singulis
761 1472 825 1516 jam
846 1473 1007 1516 agendum
1032 1479 1089 1505 est.

722 1579 818 1622 31.

174 1671 357 1693 ARGUMENTA
389 1674 592 1696 METAPHYSICA
623 1675 659 1696 AB
692 1676 756 1696 IPSA
789 1676 876 1697 ANIMI
895 1674 1029 1698 'NATURA
1061 1677 1249 1698 INCORPOREA
1281 1677 1380 1705 ATQUE

637 1740 765 1759 SIMPLICI
802 1739 907 1763 DUCTA.

155 1819 258 1851 Variae
280 1821 426 1853 omnibus
452 1823 648 1866 temporibus
668 1824 830 1858 variorum
852 1825 1114 1869 philosophorum
1140 1825 1180 1856 de
1200 1830 1315 1856 natura
1338 1826 1438 1858 animi

111 1873 275 1904 sententiae
296 1873 446 1915 fuerunt,
465 1877 508 1907 ita
524 1883 561 1908 ut
575 1877 627 1908 alii
643 1888 830 1921 corporeum
845 1890 919 1911 euni
938 1884 1132 1917 statuerent,
1148 1877 1202 1909 alii
1216 1879 1436 1921 incorpoream

110 1924 180 1967 ejus
198 1930 345 1956 naturam
367 1937 432 1958 esse
451 1928 580 1960 vellent.
602 1930 748 1974 Singulas
769 1938 877 1963 autem
899 1933 1015 1963 horum
1035 1931 1180 1963 omnium
1199 1933 1384 1972 sententias,
1402 1938 1435 1964 et

111 1976 228 2019 quibus
246 1988 297 2008 eas
312 1980 554 2022 confirmarunt,
573 1984 709 2016 rationes
724 1995 889 2015 recensere
908 1984 1041 2027 longum
1056 1990 1102 2015 est
1120 1995 1226 2027 neque
1242 1985 1339 2028 hujus
1359 1986 1431 2016 loci.

111 2029 176 2068 Qui
202 2042 386 2074 corpoream
410 2033 522 2067 animis
548 2041 695 2069 naturam
722 2036 964 2080 adjudicarunt,
994 2036 1110 2069 horum
1143 2039 1262 2069 mentio
1288 2038 1340 2069 hic
1364 2038 1434 2069 fieri
