1747 2620
881 231 995 275 (54)

257 309 344 342 >fides
364 310 396 341 in
422 320 553 341 censum
580 308 732 347 veniunt,
761 306 899 338 dicimur
920 305 1041 350 aliquid
1069 306 1208 337 credere.
1246 305 1379 337 Plenam
1403 311 1509 338 autem
1535 309 1604 339 evi-

267 365 425 402 dentiam,
453 369 489 394 ut
510 364 542 393 in
567 362 654 393 omni
676 372 784 392 rerum
804 371 912 391 sensus
936 366 1056 391 nostros
1076 360 1302 403 effugientium
1324 360 1455 393 veritate
1473 373 1503 393 v.
1521 372 1548 392 c.
1570 361 1604 392 in

266 429 416 461 corporea
437 418 533 447 animi
553 422 683 453 natura,
706 413 851 444 libertate
871 413 996 451 morali,
1015 419 1076 444 etc.
1097 414 1139 444 ita
1159 425 1288 457 quoque
1302 414 1335 445 in
1354 415 1451 445 animi
1470 414 1604 446 immor-

266 473 394 504 talitatis
419 471 638 514 disquisitione
665 469 772 499 locum
806 466 922 497 habere
953 479 1017 498 non
1042 479 1150 510 posse,
1181 479 1220 498 ex
1247 467 1501 510 praecedentibus
1531 469 1604 499 satis

264 532 412 569 apparet,
436 531 468 556 et
486 526 552 566 ipsa
575 529 678 554 nostra
701 533 808 553 rerum
831 520 1046 564 objectarum,
1071 534 1111 553 ex
1133 522 1249 565 quibus
1272 529 1461 566 argumenta
1484 529 1605 565 petun—

263 586 330 618 tur,
356 579 448 610 docet
467 578 600 609 inscitia.
629 577 665 607 In
688 576 747 607 hac
768 577 867 618 igitur
888 581 993 606 nostra
1016 577 1194 618 quaestione
1215 577 1321 608 omnia
1343 577 1382 608 ad
1403 577 1496 608 fidem
1517 578 1605 608 redi-

264 639 396 676 guntur.
425 633 497 663 Jam
520 643 594 664 vero
613 632 714 662 oritur
737 631 885 673 quaestioz
908 642 948 661 an
969 630 1029 661 liac
1051 631 1084 661 in
1103 642 1137 662 re
1156 631 1286 662 credere
1305 631 1456 671 sufficiat,
1480 638 1512 663 et
1527 632 1605 663 fides

264 693 389 718 tantum
418 686 541 725 valeat,
572 691 609 717 ut
634 685 667 716 in
692 695 899 727 quacumque
927 695 977 723 re,
1009 695 1084 727 quae
1114 684 1309 716 evidentiam
1344 685 1603 717 mathematicam

264 752 377 784 capere
400 746 557 784 nequeat,
589 739 653 770 sola
679 739 793 770 fiducia
819 738 908 769 ducti
930 739 1170 781 acquiescamus
1196 739 1333 782 ideoque
1355 751 1413 782 pro
1436 750 1510 772 vera
1532 750 1603 771 eam

263 794 447 826 habeamus.
476 793 522 824 Ad
542 793 610 825 hacc
636 794 678 823 ita
702 791 942 834 respondemus.
974 792 1142 835 Quidquid
1166 793 1332 833 credatur,
1358 792 1435 825 fides
1457 799 1494 825 ut
1516 799 1603 825 recte

262 848 302 879 sit
320 854 353 879 et
374 854 573 879 momentum
595 846 726 885 habeat,
751 846 814 877 duo
831 847 1030 889 potissimum
1049 848 1195 890 requirit.
1223 847 1384 879 Nimirum
1401 849 1506 891 primo
1523 859 1603 891 opus

262 907 324 941 est,
351 907 387 933 ut
406 901 452 932 illi
474 900 547 931 fidei
569 900 657 931 nulla
681 899 840 931 evidentia
862 901 979 941 opponi
1000 901 1111 942 possit,
1140 912 1214 932 nam
1235 901 1365 933 credere
1387 903 1602 941 contrarium,

262 966 457 998 quamquam
482 960 569 985 certo
592 953 713 996 aliquid
737 953 816 984 scire
838 954 1009 996 possimus,
1037 953 1211 985 absurdum
1240 961 1287 985 est
1308 961 1342 986 et
1369 957 1603 998 superstitionis

261 1010 391 1041 nomine
413 1009 559 1052 dignum.
591 1008 716 1040 Deinde
737 1007 832 1039 dehet
852 1008 905 1039 illa
927 1008 1004 1039 fides
1027 1019 1093 1039 esse
1115 1008 1295 1039 communis
1320 1008 1386 1041 sive
1408 1009 1450 1040 ita
1472 1020 1604 1052 compa-

261 1070 346 1103 rata,
363 1069 401 1095 ut
417 1063 455 1094 ad
473 1074 730 1106 quemcumque,
747 1063 803 1105 qui
818 1062 1002 1105 persuaderi
1019 1062 1077 1093 sibi
1094 1063 1185 1102 sinit,
1201 1063 1376 1105 pertineat,
1393 1069 1490 1106 atque
1506 1063 1602 1104 adeo,

262 1129 336 1150 cum
358 1117 522 1149 communi
544 1117 713 1148 hominum
731 1122 846 1148 natura
867 1117 1004 1156 nitatur,
1027 1116 1216 1148 universum
1231 1121 1354 1159 spectet
1369 1127 1470 1159 genus
1486 1117 1605 1149 huma—

260 1183 352 1204 num.
383 1170 549 1214 Ejusmodi
575 1170 668 1210 fides,
695 1171 817 1213 quippe
842 1182 913 1213 quae
940 1181 980 1202 ex
1009 1171 1075 1213 ipsa
1102 1170 1225 1201 ratione
1252 1169 1387 1214 ejusque
1413 1171 1603 1203 auctoritate

260 1226 379 1264 oritur,
403 1231 435 1256 et
458 1224 544 1267 apud
566 1235 693 1263 omnes,
718 1225 775 1266 qui
797 1225 911 1254 rationi
933 1224 1162 1255 convenienter
1186 1223 1329 1267 judicare
1351 1224 1470 1264 velint,
1496 1225 1603 1257 valere

260 1279 371 1319 debet,
395 1278 514 1310 dicitur
533 1278 610 1310 fides
631 1277 803 1310 rationalis.
835 1277 948 1308 Haecce
968 1277 1083 1320 igitur,
1109 1278 1256 1318 quamvis
1276 1280 1474 1321 argumentis
1494 1279 1604 1321 objec-

259 1333 332 1364 tivis
359 1338 484 1372 careat,
517 1332 694 1363 maximum
722 1337 830 1362 tamen
862 1329 959 1361 habet
985 1337 1186 1362 momentum
1212 1337 1406 1375 tantumque
1435 1331 1548 1365 valoris
1572 1332 1603 1363 ei

260 1385 506 1418 adscribendum
531 1392 595 1426 est,
626 1392 664 1417 ut
692 1386 726 1417 in
750 1384 863 1424 rebus,
895 1383 952 1415 ubi
980 1387 1177 1418 contrarium
1203 1385 1412 1418 demonstrari
1439 1392 1601 1430 nequeat,

260 1441 433 1473 certissima
457 1452 531 1472 cum
554 1440 671 1472 fiducia
696 1441 730 1471 in
751 1439 804 1470 illa
825 1439 865 1470 sit
888 1439 1158 1482 acquiescendum
1178 1439 1237 1483 (1).

303 1495 416 1537 Itaque
431 1495 456 1525 si
470 1505 526 1525 nos
538 1495 719 1525 animorum
736 1492 1010 1525 immortalitatem
1026 1493 1202 1533 credimus,
1219 1494 1285 1526 sive
1299 1494 1334 1524 in
1350 1504 1386 1525 ea
1403 1499 1509 1525 nostra
1525 1493 1602 1525 fides

260 1555 421 1588 versatur,
436 1548 519 1580 nulli
539 1548 592 1579 alii
609 1549 669 1579 nisi
686 1547 858 1592 ejusmodi,
875 1559 972 1590 quam
991 1547 1146 1587 diximus,
1164 1547 1238 1579 fidei
1256 1547 1364 1579 locum
1382 1558 1466 1588 esse,
1487 1554 1600 1591 sponte

259 1608 401 1646 apparet.
429 1602 511 1641 Quae
530 1603 617 1633 enim
638 1607 747 1633 contra
769 1601 852 1632 hanc
872 1602 1063 1633 sententiam
1083 1608 1304 1645 opposuerunt
1321 1602 1509 1641 adversarii,
1527 1608 1601 1633 tan-

260 1664 330 1689 tum
357 1656 444 1687 abest
464 1662 501 1687 ut
524 1656 573 1687 his
592 1656 752 1688 evidentia
776 1656 934 1700 adsignari
956 1663 1070 1700 queat,
1098 1663 1135 1688 ut
1158 1658 1265 1699 potius
1290 1656 1341 1688 vel
1366 1655 1448 1686 nihil
1469 1657 1600 1687 omnino

260 1710 395 1754 probare
420 1710 484 1741 sint
508 1709 686 1750 censenda,
713 1709 781 1750 vel,
807 1711 833 1741 si
857 1722 929 1754 quae
956 1710 1091 1754 probare
1124 1710 1316 1750 videantur,
1343 1709 1446 1741 multo
1473 1709 1601 1741 facilius

260 1776 374 1808 quam,
403 1775 474 1807 quae
495 1775 553 1807 pro
577 1764 815 1796 immortalitate
837 1771 1000 1808 pugnant,
1028 1765 1164 1797 refutari
1185 1764 1315 1807 possint.
1347 1764 1388 1794 Et
1412 1774 1486 1794 sane
1511 1764 1600 1795 omni

259 1830 326 1851 aevo
350 1818 470 1861 optime
492 1818 631 1849 refutata
653 1824 729 1849 sunt
748 1819 806 1862 (2).
841 1820 937 1859 Quod
962 1832 1038 1852 vero
1063 1820 1103 1851 ad
1131 1819 1269 1851 alterum
1293 1818 1435 1862 pertinet
1456 1818 1542 1862 quod
1565 1818 1599 1850 in

319 1934 364 1962 (1)
380 1933 421 1957 Cf.
442 1934 488 1958 W.
509 1934 541 1957 T.
561 1934 644 1965 Krng,
664 1934 804 1966 pisteologie
822 1935 880 1958 oder
894 1935 993 1967 glaube,
1013 1935 1155 1966 aberglaube
1174 1935 1225 1958 und
1247 1934 1378 1965 unglanbe.
1403 1934 1505 1964 Leipz.‚
1527 1932 1595 1956 1825.

259 1974 371 1998 Abschn.
396 1973 444 1997 lV.
468 1982 494 2004 p.
518 1974 547 1996 58
565 1982 604 2005 sq.
627 1978 651 1997 et
673 1975 775 1998 abscliu.
796 1975 828 1998 V.
851 1983 878 2006 p.
897 1976 927 1999 84
943 1980 967 2000 et
984 1984 1012 2006 92
1031 1984 1069 2007 sq.
1094 1975 1210 2005 Ejusdem
1226 1974 1407 1998 Fundamental
1425 1972 1596 2005 philosophie,

260 2015 298 2038 th.
325 2016 362 2038 11.
383 2013 485 2039 abschn.
508 2015 531 2037 1.
552 2015 697 2045 §99-104.

319 2056 364 2086 (2)
381 2056 418 2079 Ita
433 2055 515 2079 Cicero
531 2055 581 2085 jam
597 2054 793 2080 dissentientium
809 2055 936 2087 opiniones
954 2055 1046 2081 refellit
1060 2055 1087 2080 in
1102 2056 1176 2080 Tusc.
1198 2060 1284 2087 quaest.
1303 2055 1322 2079 1.
1344 2056 1368 2078 1.
1388 2063 1411 2078 c.
1433 2054 1475 2083 28,
1493 2061 1536 2084 29,
1553 2054 1594 2077 δι.
