1747 2620
697 270 811 316 (93)

466 397 490 441 ξ
529 398 569 429 Π.
625 408 778 431 comus
828 410 1035 434 VULNERA.

125 491 176 523 En
198 492 320 524 accedit
345 505 434 525 nunc
455 495 682 528 infaustissima
703 497 903 540 complicatio
924 499 1098 533 vulnerum
1122 501 1258 533 Thoraci
1278 503 1419 536 inflicto-

79 557 170 585 rum,
198 548 300 578 centri
328 548 450 580 scilicet
474 550 690 582 circulationis
713 551 831 595 plagae,
858 564 931 596 quae
952 555 1075 586 exitum
1102 555 1189 587 latici
1212 556 1301 587 wtali
1327 563 1417 589 extra

79 601 297 642 organismum
317 602 477 644 praebent,
502 610 534 635 et
554 604 621 636 fere
639 616 765 648 semper
789 606 915 638 lethum
935 608 1152 651 exsanguibus
1172 612 1319 642 sauciatis
1340 623 1418 654 por-

77 653 235 694 tendunt3
255 656 281 685 si
301 656 387 687 enim
408 668 473 688 non
496 658 559 689 cito
579 659 802 701 perimuntur,
825 660 912 692 lento
928 667 961 692 et
976 673 1013 693 eo
1028 662 1148 694 duriori
1167 664 1233 695 fato
1248 664 1414 697 obediunt.

76 706 198 738 Omnes
226 720 315 740 nunc
346 710 454 742 modos
481 712 682 755 perpendere
715 713 870 746 debemus
897 716 1014 758 quibus
1043 717 1124 749 illud
1157 730 1313 760 organum
1342 719 1416 751 laedi

75 767 179 804 potest
206 763 427 796 instrumentis
453 766 717 808 vulnerantibus,
743 774 776 800 et
798 769 928 812 quidem
951 771 1157 813 perquirere,
1185 772 1263 814 quid
1295 774 1415 815 possint

73 815 223 856 vulnera,
245 829 317 860 quae
338 818 407 862 ejus
427 819 636 853 substantiam
652 823 875 855 tantummodo
895 830 1019 864 secant,
1044 824 1162 868 absque
1180 837 1217 857 eo
1236 832 1274 857 ut
1292 828 1326 858 in
1345 826 1414 871 ejus

75 880 152 902 cava
167 877 353 913 penetrent,
370 873 449 916 quid
465 885 500 905 ea
512 886 584 917 quae
597 887 693 908 venas
707 875 777 920 ejus
789 883 821 908 et
838 878 967 909 arterias
983 880 1160 910 coronarias
1178 879 1317 920 laedunt,
1334 881 1414 923 quid

72 922 127 954 illa
154 935 226 967 quae
254 931 427 969 utramque
453 928 652 970 auriculam,
683 932 942 965 ventriculumve
972 938 1150 976 utrumque
1177 934 1343 976 perforant
1380 942 1413 966 et

72 978 175 1009 cordis
195 980 370 1022 penetralia
393 981 530 1023 adeunt,
556 995 630 1015 nam
651 996 708 1027 pro
729 985 904 1018 vulnerum
924 987 1094 1027 varietate,
1117 989 1261 1031 exsurgit
1281 1000 1412 1032 quoque

70 1032 180 1064 varius
193 1032 378 1065 lethalitatis
398 1035 525 1078 gradus,

113 1086 297 1129 Antequam
318 1094 427 1120 tamen
448 1090 488 1121 ad
512 1091 613 1123 varias
639 1092 734 1124 hasce
756 1094 1024 1126 considerationes
1045 1097 1289 1139 perveniamus,
1315 1097 1410 1129 liceat

68 1138 160 1170 nobis
180 1139 234 1171 hic
252 1152 327 1172 cum
343 1142 430 1173 Prof.
448 1142 553 1187 Boyer
573 1144 724 1188 adjicere:
741 1147 959 1179 ventriculum
979 1148 1129 1180 dextrum
1146 1150 1291 1181 omnium
1308 1150 1413 1182 cordis

66 1194 208 1237 partium
227 1195 354 1227 facilius
369 1198 523 1238 sauciari,
539 1209 579 1230 ex
595 1210 633 1230 eo
651 1200 738 1243 quod
756 1202 913 1233 anteriora
930 1201 1027 1244 paulo
1045 1203 1174 1245 aspicit,
1191 1202 1269 1234 dum
1284 1205 1410 1236 ventri-

66 1247 161 1280 culus
186 1249 312 1281 sinister
336 1251 509 1293 posteriora
533 1263 643 1284 versus
667 1254 766 1296 magis
792 1256 871 1286 situs
895 1261 959 1294 est,
986 1256 1105 1287 exinde
1126 1257 1222 1288 etiam
1248 1257 1410 1290 difficilius

66 1301 276 1343 vulneratur,
295 1304 356 1335 nisi
375 1304 495 1336 vulnus
517 1311 626 1337 tamen
649 1318 666 1337 a
689 1312 779 1350 tergo
798 1307 979 1351 infligatur,
1005 1310 1108 1341 rarius
1128 1311 1281 1343 auriculae
1305 1312 1409 1344 cordis

64 1355 202 1388 vulnere
219 1363 392 1399 petuntur,
413 1359 510 1390 imius
529 1360 616 1391 enim
637 1367 670 1392 et
689 1361 885 1404 profundius
905 1363 1003 1395 situm
1025 1375 1122 1395 suum
1144 1364 1303 1397 obtinent.
1328 1366 1408 1398 Inde

64 1412 215 1453 provenit
243 1417 281 1442 ut
310 1411 371 1443 sub
407 1413 510 1444 cordis
541 1414 644 1458 plagis
672 1415 808 1447 vulnera
835 1416 1030 1460 plerumque
1058 1418 1240 1450 ventriculo
1273 1419 1405 1460 dextro,

63 1463 147 1495 binis
167 1464 340 1507 aliquando
361 1467 566 1508 ventriculis,
590 1470 693 1500 rarius
714 1471 895 1502 ventriculo
919 1472 1045 1503 sinistro
1068 1472 1126 1504 soli
1145 1472 1345 1516 infligantur.

108 1516 141 1548 Si
155 1517 274 1549 vulnus
289 1518 375 1561 quod
393 1531 447 1551 cor
462 1521 567 1564 attigit
583 1521 682 1566 hujus
696 1522 906 1556 substantiam
925 1525 1149 1557 tantummodo
1169 1533 1267 1567 secat,
1285 1527 1405 1571 absque

64 1580 102 1601 eo
123 1576 162 1601 ut
180 1570 265 1602 hanc
286 1573 445 1615 perforet,
467 1574 622 1607 damnum
640 1576 758 1608 exinde
777 1583 891 1609 natum
913 1578 1010 1610 etiam
1025 1578 1187 1622 dependet
1204 1592 1221 1612 a
1237 1582 1405 1624 magnitu-

63 1624 139 1656 dine
157 1631 190 1656 et
205 1626 426 1668 profunditate
444 1628 582 1661 laesionis
602 1630 663 1674 (1)
689 1631 802 1671 Quum
823 1632 922 1664 nullis
936 1634 1028 1664 sectis
1043 1634 1167 1665 arteriis
1184 1646 1295 1678 neque
1312 1636 1405 1668 venis

62 1679 250 1719 coronariis,
278 1679 452 1712 substantia
473 1683 601 1726 propria
622 1684 725 1716 cordis
748 1685 820 1718 leve
839 1687 1063 1719 tantummodo
1083 1688 1203 1720 vulnus
1225 1691 1402 1733 acceperit,

61 1724 307 1765 assentientibus
330 1734 510 1767 Richerand
527 1736 590 1779 (2),
615 1737 720 1782 Boyer
735 1739 784 1783 (3)
804 1746 836 1772 et
856 1741 906 1772 De
925 1740 1026 1772 Senae
1044 1741 1092 1784 (4)
1112 1741 1312 1785 aliquantula
1331 1755 1403 1787 spes

60 1791 163 1829 potest
176 1787 331 1831 affulgere
342 1790 529 1831 sanationis3
542 1792 590 1823 sin
605 1798 713 1824 autem
729 1793 925 1836 profundius
939 1800 1025 1826 secta
1035 1795 1075 1826 sit
1090 1796 1192 1827 cordis
1207 1796 1399 1836 substantia,

59 1850 125 1873 non
153 1841 284 1884 quidem
315 1842 458 1876 absolute
489 1845 690 1888 impossibilis
721 1839 768 1878 est
795 1848 919 1879 curatio
944 1847 1131 1892 hujusmodi
1156 1849 1319 1892 vulneris,
1345 1852 1402 1883 sed

118 1956 151 1985 (ι)
168 1956 261 1986 Boyer,
279 1957 299 1980 l.
320 1958 358 1987 l.,
380 1963 441 1983 tom.
459 1960 523 1984 VII.
543 1968 599 1993 pag.
616 1962 672 1985 264.
695 1962 731 1986 De
745 1963 833 1992 Senac,
849 1963 925 1993 1.1.‚
945 1967 1005 1987 tom.
1026 1965 1062 1987 ΙΙ.
1083 1971 1140 1995 pag.
1160 1964 1216 1987 428.

118 1997 150 2025 (2.)
167 1997 304 2028 Nosograp.
327 1998 391 2022 chit.

117 2038 150 2067 (5)
167 2037 198 2060 L.
219 2038 253 2065 l.,
274 2042 335 2060 tom.
358 2039 420 2062 VII.
440 2048 498 2071 pag.
517 2042 572 2064 266.

116 2077 149 2106 (4,)
167 2077 202 2101 De
217 2078 240 2101 la
259 2083 377 2102 structure
395 2079 428 2103 du
442 2089 518 2104 coeur.
537 2083 610 2105 Toni.
631 2084 667 2107 11.
689 2091 747 2115 pag.
763 2083 819 2106 428.
