1747 2620
892 294 1012 337 (50)

280 376 398 413 posset,
430 369 530 414 quod,
561 382 661 413 quum
689 369 794 400 Codex
821 368 930 400 Civilis
961 369 1230 410 conscriberetur,
1259 369 1345 414 apud
1368 369 1491 402 nullam
1518 370 1612 402 aliam

280 431 408 467 gentem
434 424 606 456 obtinebat.
633 425 854 467 Quapropter,
876 424 1028 466 quoniam
1050 423 1118 462 lex,
1143 423 1226 454 hanc
1246 423 1460 467 hypothecam
1482 424 1614 467 pupillis

279 479 437 517 tribuens,
456 480 550 510 etiam
569 479 661 509 tertio
677 479 795 520 cuique
813 477 916 508 media
935 477 1020 508 illius
1036 488 1155 508 nexum
1173 477 1364 509 dissolvendi
1379 478 1613 521 suppeditavit,

279 535 361 576 (art.
385 534 468 565 2193
491 544 577 575 seqq.
601 532 635 562 C.
658 532 750 573 Civ.)
775 537 871 573 atque
896 532 929 561 in
950 531 1038 562 hunc
1062 532 1158 562 finem
1185 533 1391 574 praescripsit,
1415 538 1452 563 ut
1470 533 1504 562 in
1526 533 1613 563 omni

279 588 377 619 tutela
405 587 593 629 subrogatus
618 592 780 616 crearetur
810 591 913 624 tutor,
939 586 991 616 cui
1016 586 1260 627 significationes
1284 592 1343 617 art.
1371 587 1457 626 2194
1481 587 1516 617 C.
1543 587 1612 618 Civ.

278 643 437 684 requisitae
459 641 789 679 communicarentur3
809 640 960 682 quoniam
983 651 1021 671 ex
1043 640 1209 671 manifesta
1230 640 1417 683 legislatoris
1432 640 1614 679 voluntate,

277 696 374 727 nullae
404 701 479 727 sunt
504 695 693 738 hypothecae
722 694 860 737 legaleS,
890 695 950 724 nisi
975 700 1044 737 post
1074 694 1235 737 subrogati
1262 695 1375 725 tutoris
1398 695 1613 733 creationem,

277 756 373 792 atque
396 749 463 780 haec
480 749 546 791 ipsa
567 748 724 779 institutio
745 747 816 778 solis
837 747 936 778 Gallis
957 753 1053 790 atquc
1075 748 1178 791 Belgis
1199 748 1326 790 propria
1344 749 1399 787 sit,
1417 759 1615 790 consequens

276 809 336 842 est,
358 809 395 834 ut
416 809 447 833 et
466 802 678 845 hypothecam
699 801 852 844 legalem,
874 801 993 844 absque
1015 802 1070 832 illa
1093 803 1294 833 institutione
1318 815 1382 834 non
1404 804 1613 842 existentem,

276 858 372 888 etiam
392 856 495 899 Belgis
514 856 674 898 propriam
693 856 917 898 extraneisque
931 856 1119 899 denegatam
1137 867 1202 887 esse
1221 856 1414 888 decidamus.
1432 857 1614 900 Utramque

278 918 383 942 tamen
411 910 623 953 hypothecam
647 909 800 951 legalem,
828 916 891 940 tam
920 921 1007 949 eam,
1035 922 1131 952 quam
1158 910 1282 953 pupillo
1303 912 1489 953 peregrino,
1514 923 1613 954 quam

276 964 383 1002 illam,
412 975 507 1006 quam
537 963 630 993 uxori
662 963 857 1005 peregrinae,
889 974 964 1004 quae
990 965 1119 1005 nuptias
1146 965 1179 994 in
1208 964 1311 995 alieno
1336 965 1494 995 territorio
1519 966 1610 1003 iniit,

276 1017 496 1060 denegandam
526 1028 592 1048 esse
624 1027 812 1055 censemus,
846 1015 921 1058 ipsis
956 1015 1078 1046 foedere
1107 1015 1237 1057 publico
1266 1017 1398 1047 concedi
1430 1026 1518 1058 posse
1549 1029 1613 1048 non

276 1071 470 1103 dubitamus.

321 1179 461 1210 XXXII.
497 1180 660 1211 Postremo
681 1179 841 1218 extranei,
863 1177 954 1210 nulla
975 1178 1140 1209 foederum
1162 1176 1269 1208 habita
1293 1177 1432 1216 ratione,
1453 1178 1485 1208 in
1505 1176 1615 1220 Belgio

276 1233 409 1276 perinde
429 1239 524 1276 atque
543 1233 704 1277 indigenae
725 1233 918 1264 beneficium
941 1233 1187 1276 praescriptionis
1208 1238 1272 1263 tam
1296 1231 1495 1275 adquisitivae
1517 1242 1614 1274 quam

276 1287 474 1318 exstinctivae
498 1293 630 1330 possunt
653 1288 813 1320 invocare.
843 1287 884 1317 Et
905 1286 1037 1329 quidem
1062 1287 1308 1329 praescriptionis
1330 1285 1529 1328 adquisitivae
1549 1285 1617 1317 sive

274 1342 496 1383 usucapionis,
524 1341 629 1384 quoad
650 1341 731 1373 bona
753 1342 859 1373 onmia
881 1341 1057 1373 immobilia
1078 1342 1112 1372 in
1131 1340 1240 1383 Belgio
1261 1341 1333 1379 sita,
1361 1351 1433 1382 quae
1456 1338 1615 1382 possidere

275 1402 423 1436 possunt,
444 1397 594 1439 quoniam
613 1396 681 1427 haec
699 1403 857 1440 reguntur
874 1396 944 1439 Iege
961 1396 1023 1427 loci
1038 1397 1071 1426 in
1088 1406 1151 1437 quo
1168 1395 1225 1425 sita
1241 1400 1327 1425 sunt.
1351 1393 1449 1432 Voet,
1466 1393 1504 1424 ad
1517 1393 1614 1436 pand.

274 1448 329 1479 lib.
349 1449 467 1488 XLIV,
489 1451 536 1480 tit.
557 1451 586 1481 3.
610 1462 641 1480 n.
660 1452 711 1481 12.
734 1450 864 1489 Merliu,
882 1450 986 1490 Κόρη
1009 1457 1055 1481 v0.
1079 1450 1264 1491 p1·escript.,
1284 1453 1360 1478 sect.
1378 1448 1406 1486 Ι,
1423 1447 1438 1488 §
1455 1447 1512 1486 III,
1531 1458 1564 1477 n.
1583 1443 1613 1480 7.

274 1503 470 1534 Exstinctiva
488 1510 594 1535 autem
614 1505 851 1546 praescriptione
870 1503 957 1546 apud
978 1514 1034 1534 nos
1051 1501 1221 1533 constituta
1240 1506 1412 1532 extraneus
1429 1501 1477 1531 uti
1494 1506 1612 1542 potest,

276 1557 399 1598 quoties
421 1557 454 1587 in
474 1557 581 1600 Belgio
602 1559 809 1590 convenitur:
838 1569 939 1600 quum
962 1558 1047 1588 enim
1068 1556 1121 1587 illa
1143 1556 1180 1586 ad
1206 1561 1334 1597 tempus
1355 1561 1387 1586 et
1406 1555 1536 1586 modum
1560 1567 1615 1586 ao·-

277 1610 370 1640 tionis
395 1611 600 1643 instituendae
626 1613 781 1655 pertinet,
813 1612 908 1643 unice
932 1612 1055 1654 regitur
1081 1610 1150 1651 lege
1174 1609 1252 1648 loci,
1280 1610 1312 1640 in
1341 1620 1404 1651 quo
1427 1610 1611 1652 opponitur.

276 1663 402 1703 Huber,
424 1665 463 1695 ad
484 1666 594 1707 pand,
616 1666 671 1697 lib.
690 1667 720 1706 I,
741 1667 790 1696 tit.
813 1666 848 1704 3,
872 1672 953 1708 part.
976 1667 1013 1705 2,
1037 1677 1068 1696 11.
1087 1666 1117 1698 7.
1140 1664 1223 1694 Voet
1242 1669 1274 1694 et
1294 1663 1427 1704 Merlin,
1451 1663 1485 1693 11.
1508 1663 1611 1704 Βόρ.)

276 1725 324 1749 v⁰.
344 1718 541 1761 P1·aescript.,
561 1725 637 1750 sect.
657 1720 688 1759 I,
709 1719 725 1761 ᾗ
746 1719 809 1759 IX,
830 1730 863 1749 n.
885 1720 915 1750 1.

322 1825 477 1855 XXXIII.
517 1825 679 1863 Quoniam
706 1826 880 1868 imperium
908 1826 1074 1869 Belgicum
1108 1832 1274 1858 extraneos
1305 1825 1337 1856 in
1366 1835 1503 1867 regnum
1530 1825 1614 1855 reci-

266 1878 393 1921 ·piendo
415 1890 467 1910 eos
487 1890 616 1921 quoque
638 1881 672 1910 in
695 1880 828 1911 tutelam
850 1893 939 1912 suam
961 1882 1098 1924 recepit,
1123 1880 1329 1912 manifestum
1351 1885 1413 1917 est,
1434 1878 1613 1909 licere=illis

277 1939 407 1975 propter
438 1934 590 1965 maleficia
617 1934 650 1964 in
679 1934 791 1977 Belgio
820 1935 973 1967 adversus
997 1947 1145 1978 personas
1171 1940 1228 1966 aut
1253 1934 1334 1965 bona
1360 1944 1416 1964 sua
1445 1933 1611 1964 commissa

276 1986 362 2029 leges
390 1986 494 2030 Belgii
521 1987 662 2029 poenales
687 1988 846 2020 invocare.
879 1989 1069 2027 Quinimmo
1091 1995 1123 2019 et
1143 1994 1274 2031 propter
1304 1986 1418 2018 delicta
1446 1987 1478 2016 in
1508 1985 1612 2016 alieno

276 2042 435 2071 territorio
456 2053 472 2072 a
491 2041 597 2083 Belgis
620 2041 769 2074 adversus
785 2053 817 2074 se
836 2048 973 2086 patrata,
996 2048 1082 2086 patet
1103 2043 1140 2073 iis
1160 2043 1191 2073 in
1209 2041 1319 2085 Belgio
1340 2042 1438 2080 actio,
1456 2051 1520 2071 non
1537 2040 1612 2081 qui—

276 2094 348 2126 dem
372 2095 565 2135 criminalis,
594 2107 705 2127 verum
731 2102 837 2127 tamen
864 2096 965 2130 civilis
986 2098 1019 2128 in
1040 2097 1273 2140 reparationem
1300 2095 1408 2127 damni
1435 2094 1493 2125 sibi
1521 2093 1610 2125 illati.

273 2150 328 2192 (11.
350 2149 463 2180 XXVI
484 2162 579 2193 supra
601 2156 659 2181 art.
680 2150 719 2182 15
743 2150 777 2182 C.
802 2151 869 2185 Civ.
885 2151 907 2194 ).
