1747 2620
704 268 715 310 (
740 268 777 298 31
805 268 817 310 )

134 344 256 384 Quodsi
278 353 353 377 vero
377 341 527 374 nonnulli
548 353 566 373 e
587 342 701 373 nostris
721 341 846 375 civibus
865 341 900 372 in
923 340 992 373 aliis
1014 340 1195 373 Acadcmiis
1219 342 1353 373 victores
1374 343 1435 375 hoc

91 410 175 431 anno
199 398 407 436 exstiterunt,
431 396 486 427 alii
512 396 628 428 adsunt
649 394 784 439 juvenes
809 395 1076 439 praestantissimi,
1100 396 1157 439 qui
1178 395 1279 427 doctis
1303 407 1437 439 respon-

91 452 232 485 sionibus
252 451 292 483 ad
312 451 517 494 quaestioneS‚
540 462 558 482 a
578 457 684 482 nostra
705 450 877 483 Academia
899 451 1089 495 propositas,
1107 450 1294 495 praeclaram
1315 451 1439 495 ingenii

93 507 310 550 doctrinaeque
327 505 458 537 laudem
479 504 538 536 sibi
559 504 797 549 compararunt.

136 561 209 593 Jam
227 561 328 603 igitur
348 559 389 591 ad
414 559 631 603 gratissimum
656 560 860 603 magistratus
882 559 1066 592 Academici
1088 559 1229 592 officium
1253 559 1441 604 progredior

93 613 359 658 adimplendum,
383 613 470 657 quod
495 615 530 645 in
556 625 593 645 eo
620 615 760 657 positum
784 620 847 655 est,
877 621 915 646 ut
941 615 1077 658 egregiis
1103 613 1294 659 juvenibuS‚
1320 614 1377 658 qui
1407 615 1443 645 iu

94 671 269 702 certamine
286 669 428 701 litei-ario
447 668 614 701 victoriam
635 668 858 712 reportarunt,
875 670 1024 712 praemia,
1041 669 1332 701 munificentissimi
1347 669 1442 712 Regis

93 724 284 756 liberalitate
308 735 471 764 concessa,
496 723 646 755 tribuam.
674 723 771 763 Quod
794 730 831 755 ut
848 724 909 755 rite
931 724 1003 764 fiat,
1026 723 1441 757 clarissimumAcademiae

95 779 285 812 Actuarium
307 790 399 821 rogo,
428 783 467 810 ut
486 777 689 811 Facultatum
712 778 831 823 judicia
852 778 1015 823 praelegat.

143 1027 200 1058 His
219 1026 405 1058 solemniter
428 1026 564 1070 peractis
586 1032 748 1070 superest,
778 1033 817 1059 ut
836 1027 1059 1071 magistratum
1084 1027 1316 1060 Academicum
1340 1033 1446 1059 trans-

100 1081 219 1120 feram,
239 1081 273 1111 in
294 1085 525 1119 successorem,
546 1079 586 1111 ab
607 1080 842 1126 Angustissimo
861 1081 949 1125 Rege
974 1081 1189 1126 designatum.
1214 1081 1263 1113 Ad
1283 1082 1330 1113 Te
1345 1082 1446 1125 igitur

99 1134 164 1178 jam
184 1145 238 1165 me
253 1139 421 1174 converto,
444 1133 616 1165 clarissime
633 1134 830 1173 Lammens,
848 1135 895 1167 Te
907 1136 1077 1168 Rectorem
1092 1136 1299 1178 Magnificum
1315 1135 1446 1179 publice

100 1189 256 1220 renuncio
281 1194 379 1231 atque
405 1188 585 1231 proclam03
616 1189 707 1221 trado
731 1189 804 1222 Tibi
823 1190 942 1231 fasces,
967 1191 1166 1223 auctoritatis
1185 1191 1267 1222 Tuae
1290 1191 1449 1232 insignia,

100 1254 258 1286 rogoque,
281 1248 319 1274 ut
339 1243 373 1273 in
395 1254 521 1284 meum,
539 1254 637 1287 quem
658 1243 723 1287 jam
743 1244 910 1288 relinquo,
932 1244 1041 1277 locum
1065 1244 1227 1277 succedas.
1250 1244 1344 1276 Faxit
1361 1245 1450 1275 Deus

103 1297 254 1340 Optimus
283 1296 463 1339 Maximus,
497 1303 535 1330 ut
567 1297 614 1330 Te
644 1309 775 1342 quoque
805 1298 941 1331 Rectore
962 1299 1147 1332 ‘Academia
1177 1305 1283 1331 nostra
1316 1298 1449 1339 floreat,

104 1357 243 1393 crescat,
265 1352 440 1395 augeatur!

692 1653 823 1685 DIXL
