1747 2620
724 255 736 298 (
761 255 803 296 49
827 254 838 297 )

158 337 248 371 Hanc
278 342 385 367 tamen
416 332 515 377 hujus
546 332 727 375 argumenti
757 329 903 362 tractatio
939 334 1036 371 atque
1066 326 1253 370 disceptatio
1283 326 1456 357 utilitatem

111 391 224 431 habet,
251 396 290 422 ut
311 388 405 420 falsas
426 386 679 420 adversariorum
707 385 846 416 rationes
871 382 1020 415 refellere
1042 388 1074 413 et
1097 380 1324 425 probabiliores
1345 380 1457 412 saltem

112 449 142 478 ei
163 455 325 489 opponere
347 443 469 475 doceat.
507 441 622 485 Neque
647 451 703 471 nos
725 439 832 472 adhuc
857 437 1023 482 loquimur
1045 436 1084 468 de
1107 435 1177 480 ejus
1205 436 1237 468 vi
1255 446 1291 466 ac
1314 434 1409 466 laude
1433 435 1458 465 si

114 501 228 533 ceteris
250 497 457 543 adjungatur.

740 592 764 634 g
809 592 854 623 11.

293 704 507 726 CETERORUM
545 701 839 723 ARGUMENTORUM
876 699 932 719 vls
969 699 1010 719 ET
1043 697 1280 719 EFFICACITAS.

159 797 445 839 Quemadmodum
470 806 510 827 ex
535 792 792 838 praecedentibus
815 792 889 823 satis
913 791 1034 834 liquet,
1062 802 1103 822 ex
1129 791 1195 833 ipsa
1223 789 1322 821 animi
1346 795 1462 821 natura

114 865 179 885 non
200 854 273 884 satis
296 853 387 883 firma
410 855 600 894 argumenta
622 848 688 891 peti
711 858 800 890 posse
822 846 861 878 ad
882 845 1163 877 demonstrandam
1180 844 1249 889 ejus
1270 843 1463 876 immortali-

115 915 231 948 tatem3
255 907 339 938 idem
363 905 444 937 illud
464 904 503 936 de
522 904 651 942 ceteris,
679 913 751 944 quae
773 900 1044 943 contemplatione
1068 905 1100 930 et
1122 899 1365 930 ratiocinatione
1386 910 1463 941 pro—

116 963 286 1000 feruntur,
310 958 509 1002 argumentis
530 955 725 988 contendere
745 954 832 985 licet.
860 955 996 985 Animus
1016 953 1103 984 enim
1128 953 1184 996 qui
1205 952 1351 984 hucdum
1377 958 1463 983 tam·-

116 1027 214 1059 quam
238 1025 350 1045 sensus
370 1012 490 1043 interni
515 1010 768 1054 phaenomenon,
796 1006 1032 1050 quodammodo
1057 1013 1163 1047 certe,
1190 1006 1281 1037 nobis
1300 1007 1462 1046 innotuit,

116 1074 187 1112 post
207 1074 343 1099 mortem
367 1068 434 1107 ipsa
459 1065 513 1096 illa
539 1063 678 1106 corporis
700 1061 901 1105 sejunctione
923 1073 988 1092 non
1012 1061 1151 1104 amplius
1171 1072 1208 1092 ea
1232 1060 1416 1092 conditione
1445 1072 1463 1091 a

115 1122 205 1154 nobis
225 1121 415 1164 percipitur.
438 1118 553 1160 Neque
574 1128 650 1148 vero
671 1117 767 1147 etiam
784 1126 823 1146 ex
841 1114 937 1146 rebus
955 1114 1087 1159 objectis
1109 1114 1240 1145 aliunde
1259 1115 1367 1157 petitis
1390 1114 1464 1144 satis

114 1175 240 1208 idoneae
263 1174 402 1205 rationes
428 1172 535 1204 afferri
559 1176 709 1216 possunt,
735 1169 854 1213 quibus
877 1169 917 1201 de
940 1175 1026 1201 statu
1049 1168 1119 1213 ejus
1140 1174 1210 1211 post
1230 1174 1367 1200 mortem
1392 1180 1464 1199 cor-

114 1231 200 1275 poris
223 1230 302 1261 certi
323 1228 403 1272 quid
423 1227 591 1259 efficiatur.
618 1225 680 1257 Sed
701 1225 741 1257 de
764 1224 898 1268 singulis
922 1220 1098 1256 videndum
1123 1229 1180 1254 est.

161 1285 210 1317 De
233 1285 271 1315 iis
295 1284 395 1327 igitur
421 1281 638 1325 argumentiS,
665 1279 783 1323 quibus
806 1278 846 1310 ad
871 1278 1048 1321 analogiam
1075 1277 1178 1309 omnis
1200 1288 1309 1309 rerum
1337 1283 1465 1309 naturae

115 1344 325 1383 provocatur,
350 1336 383 1368 id
406 1337 550 1380 primum
572 1332 898 1366 animadvertendum
924 1338 986 1372 est,
1012 1332 1046 1362 in
1066 1331 1160 1364 variis
1180 1330 1243 1362 illis
1264 1342 1375 1362 rerum
1396 1331 1466 1362 for-

116 1403 310 1435 marumque
334 1389 584 1430 mutationibus,
616 1387 740 1420 etiamsi
766 1388 842 1429 ipsae
865 1397 915 1417 res
941 1397 1006 1417 non
1031 1386 1193 1417 intereant
1218 1385 1273 1416 sed
1300 1385 1333 1416 in
1364 1385 1466 1417 alium

115 1445 340 1479 tantummodo
361 1450 480 1476 statum
502 1449 682 1482 transeant,
704 1441 834 1484 plenam
855 1447 963 1472 tamen
981 1441 1079 1472 totius
1100 1446 1198 1483 atque
1214 1440 1332 1483 integri
1352 1439 1467 1472 devas-

118 1501 271 1532 tationem
291 1510 357 1531 esse
379 1498 596 1541 conspicuam.
618 1497 670 1528 Sic
687 1507 726 1528 ex
749 1496 903 1528 cadavere
922 1495 1065 1526 humano
1082 1495 1116 1525 in
1132 1493 1301 1537 pulverem
1319 1493 1466 1534 redacto,

120 1555 266 1598 quamvis
286 1559 393 1596 postea
416 1552 523 1584 denuo
546 1551 708 1595 prodeunt
726 1550 845 1594 plantae
863 1556 895 1581 et
915 1555 1082 1589 crescunt,
1110 1547 1199 1580 aliud
1221 1554 1328 1579 tamen
1352 1559 1467 1591 corpus

120 1609 302 1641 humanum
324 1618 502 1650 numquam
523 1606 562 1638 de
583 1607 709 1650 integro
730 1611 927 1637 renascetur.
951 1605 1064 1647 Itaque
1087 1603 1211 1635 etiamsi
1232 1602 1315 1634 nihil
1334 1603 1467 1634 interire

121 1662 331 1701 concedatur,
348 1660 426 1704 quid
443 1666 551 1692 tamen
567 1659 712 1703 prodest,
727 1660 752 1690 si
768 1659 865 1690 simul
882 1670 958 1690 cum
974 1669 1106 1701 corpore
1124 1658 1156 1688 in
1173 1658 1314 1689 minutas
1330 1657 1468 1689 dissolu-

123 1723 174 1748 tus
194 1715 385 1759 particulaS,
412 1726 487 1747 vera
508 1726 564 1746 sua
587 1714 711 1755 indole,
734 1715 927 1746 conscientia
948 1714 998 1746 sui
1013 1719 1110 1757 atque
1126 1712 1279 1756 operandi
1295 1712 1466 1752 facultate,

125 1769 251 1801 orbatus
268 1770 308 1800 sit
323 1767 472 1800 animus?
487 1767 523 1799 Id
539 1773 647 1799 autem
663 1780 727 1799 non
741 1768 825 1809 fore,
843 1768 904 1800 hoc
920 1773 1112 1811 argumento
1128 1778 1192 1798 non
1212 1765 1377 1809 probatur.
1397 1766 1468 1809 Ipse

123 1821 177 1853 ille
194 1822 454 1854 Mendelsohnius
472 1822 527 1866 qui
543 1834 601 1866 pro
618 1823 801 1854 animorum
819 1822 1059 1856 immortalitate
1078 1827 1143 1853 tam
1160 1821 1275 1851 acriter
1290 1821 1466 1863 pugnavit,

125 1877 311 1914 confitetur,
333 1877 392 1908 hac
412 1878 446 1908 in
467 1888 502 1909 re
526 1889 566 1909 ex
584 1889 693 1909 rerum
715 1883 896 1909 creatarum
919 1883 1034 1908 natura
1058 1881 1090 1906 et
1115 1874 1364 1917 proprietatibus
1385 1875 1468 1906 nihil

125 1931 204 1962 certi
230 1930 378 1962 concludi
406 1943 495 1974 posse
520 1931 778 1975 (1).Praete1=ea
809 1929 1044 1962 attendendum
1073 1934 1120 1959 est
1150 1927 1190 1959 ad
1223 1928 1376 1971 analogiae
1402 1929 1468 1959 sive

125 1983 318 2029 conjecturae
334 1984 400 2017 vim
416 1991 448 2016 et
466 1992 627 2018 naturam.
651 1987 814 2018 Nimirum
832 1987 939 2028 ipsum
960 1994 1079 2015 nomen
1096 1983 1181 2027 quod
1200 1994 1239 2015 ex
1256 1983 1467 2015 similitudine

185 2098 230 2128 (ι)
247 2097 288 2121 Cf.
312 2097 473 2122 Mendelsohn
490 2098 598 2123 Phaedon
615 2101 665 2123 111.
685 2107 765 2131 gespr.
786 2099 846 2122 init.
