1747 2620
718 250 831 294 (25)

110 338 212 371 eaque
234 333 396 371 tamquam
416 337 455 358 ex
480 326 569 357 fonte
590 323 725 367 perenni
745 333 912 365 nunquam
940 322 1040 354 fluere
1065 322 1190 354 desinit.
1221 323 1291 355 Jam
1318 335 1391 356 vero
1411 327 1436 357 si

110 393 168 425 per
188 381 365 424 analogiam
387 391 427 412 ex
445 379 539 411 rebus
560 378 611 410 vel
631 375 837 420 praesentibus
862 376 912 408 vel
931 376 1063 419 cognitis
1084 387 1133 408 res
1156 376 1207 408 vel
1224 376 1368 408 absentes
1386 379 1436 410 vel

110 436 233 478 ignotas
261 434 409 475 colligere
436 433 532 471 licet,
562 431 692 474 quidni,
723 442 798 461 cum
830 431 864 461 in
898 431 984 461 omni
1017 441 1125 461 rerum
1158 431 1364 462 universitate
1398 443 1437 462 ex

110 495 212 520 morte
234 488 354 519 oriatur
378 488 456 525 vita,
478 486 563 516 idem
586 485 624 516 (le
645 484 791 523 homine,
819 484 903 514 inter
926 495 1034 514 omnes
1055 495 1104 515 res
1124 490 1243 515 creatas
1262 485 1364 527 prima
1387 491 1438 516 te—

109 547 225 581 nente,
257 546 381 571 naturae
411 539 640 571 convenienter
663 537 882 570 affirmemus?
912 538 1020 576 Quam
1044 539 1077 569 in
1103 537 1287 579 arboribus,
1321 539 1437 582 plantis

111 596 345 637 hominumque
378 605 509 637 corpore
543 593 755 631 admiramur,
793 593 940 623 creatoris
974 592 1020 624 vis
1053 592 1239 623 animumne
1271 593 1438 635 augustius

110 648 188 691 quid
208 654 240 679 et
254 647 392 686 nobilius
406 659 470 678 non
487 646 709 678 conservaret?
729 647 779 677 An
797 657 882 677 unus
898 645 982 676 solus
997 645 1166 677 hominum
1183 647 1322 686 animus,
1341 646 1437 678 simul

108 714 145 733 ac
165 702 277 733 rudius
300 702 381 732 illud
405 707 500 744 atque
524 707 689 732 terrenum
711 711 826 741 corpus
851 699 890 729 ad
915 699 1082 741 pulverem
1105 699 1288 740 reducitur,
1316 707 1436 732 aeterno

108 756 262 799 languore
284 755 464 798 consopitus
485 753 628 797 jaceret?
667 753 717 783 An
738 753 817 783 ratio
838 758 870 783 et
891 751 1036 791 libertas,
1062 763 1103 782 an
1127 752 1266 783 seientiae
1290 759 1436 796 artesque

108 815 141 841 et
161 808 212 841 vel
232 809 298 851 ipsa
321 809 422 841 virtus
444 808 478 838 in
498 807 595 837 hocce
614 805 837 836 tantummodo
856 815 987 847 corpore
1008 811 1054 836 tot
1074 805 1234 848 tantisque
1254 806 1338 838 vitiis
1359 818 1437 838 con-

108 863 261 894 taminato
281 862 388 894 sedem
405 860 577 900 haberent,
602 861 644 890 ita
666 865 704 890 ut
722 859 775 890 illo
793 858 943 890 dissoluto
962 858 1058 889 simul
1075 859 1203 900 penitus
1223 860 1436 891 evanescant?

107 917 262 948 Animum
284 916 394 947 altiora
415 921 578 957 petentem
600 919 665 944 atra
690 913 799 943 mortis
821 918 915 943 nocte
936 912 1061 943 aeternis
1083 911 1266 944 involutum
1282 913 1322 944 iri
1342 920 1436 945 tene-

107 969 191 1008 bris,
216 970 287 1011 quis
312 968 405 999 facile
425 967 484 998 sibi
510 965 723 1009 persuadeat?
749 966 806 1008 (1).

152 1021 241 1052 Idem
268 1026 494 1063 argumentum
519 1019 584 1062 jam
612 1018 759 1050 adhibuit
784 1018 906 1049 Graecae
933 1018 1141 1061 philosophiae
1164 1020 1314 1062 princeps
1337 1020 1435 1063 idque

109 1085 147 1106 eo
170 1074 284 1112 modo,
309 1079 346 1104 ut
365 1073 405 1103 ad
428 1073 520 1115 justae
546 1072 820 1102 demonstrationis
844 1082 987 1102 normam
1015 1072 1048 1103 id
1074 1072 1242 1115 redegerit.
1274 1073 1436 1106 Nimirum

107 1127 284 1170 reperimus
304 1126 387 1156 hanc
407 1125 441 1156 in
464 1131 528 1155 tota
548 1131 663 1156 natura
686 1131 866 1156 constanter
888 1125 1045 1155 dominari
1068 1124 1192 1167 legem⁷
1219 1131 1257 1157 ut
1277 1128 1434 1159 contraria

107 1191 147 1212 ex
171 1179 334 1211 contrariis
354 1178 513 1217 oriantur3
541 1177 640 1209 veluti
661 1178 684 1209 si
709 1178 787 1220 qnid
810 1177 911 1221 majus
930 1179 985 1218 fit,
1009 1178 1041 1209 id
1061 1189 1101 1209 ex
1122 1179 1244 1210 minore
1263 1180 1298 1210 fit
1315 1180 1432 1224 majus3

105 1233 199 1266 velox
219 1232 255 1263 fit
273 1242 314 1263 ex
335 1230 441 1270 tardo,
460 1231 590 1262 firmum
609 1241 650 1261 ex
666 1231 792 1261 infirmo
813 1236 846 1261 et
866 1237 986 1261 contra.
1011 1231 1092 1270 Quae
1115 1232 1194 1262 ratio
1213 1243 1288 1264 cum
1306 1234 1341 1264 in
1361 1245 1433 1265 om-

105 1286 200 1318 nibus
222 1297 279 1328 per
304 1291 401 1316 totam
429 1290 577 1315 naturam
602 1283 697 1326 rebus
717 1283 839 1323 valeat,
863 1284 974 1315 eadem
994 1286 1179 1316 necessitate
1202 1287 1265 1318 vita
1294 1293 1326 1318 et
1347 1294 1432 1319 mors

106 1340 284 1384 conjunctae
307 1350 373 1370 esse
393 1337 527 1378 debent,
551 1337 595 1368 ita
617 1343 669 1376 ut,
691 1337 961 1379 quemadmodum
980 1349 1020 1369 ex
1046 1339 1116 1371 vivo
1136 1339 1171 1370 fit
1196 1346 1363 1380 mortuus,
1391 1352 1432 1373 ex

104 1400 230 1426 mortuo
256 1403 366 1424 rursus
389 1392 444 1423 fiat
467 1392 570 1423 vivus.
609 1389 690 1422 Nam
715 1390 785 1421 haec
809 1390 873 1422 duo
898 1391 937 1422 ab
960 1391 1058 1436 hujus
1077 1392 1155 1435 legis
1175 1394 1342 1426 severitate
1365 1395 1430 1426 sola

105 1459 171 1480 esse
193 1452 336 1486 exemta,
357 1456 399 1477 ne
419 1444 574 1476 affirmare
594 1444 758 1475 sustineas.
786 1444 884 1475 Porro
904 1455 1013 1476 omnes
1037 1446 1071 1476 in
1093 1456 1201 1477 rerum
1223 1453 1337 1478 natura
1354 1459 1430 1479 mu-

105 1502 238 1532 tationes
263 1506 296 1531 et
318 1499 539 1532 conversiones
561 1498 644 1529 fiunt
670 1498 704 1528 in
729 1497 838 1529 orbem
866 1504 898 1529 et
924 1499 1013 1541 quasi
1037 1499 1213 1540 circulum,
1242 1501 1284 1531 ita
1315 1507 1352 1531 ut
1379 1512 1429 1532 res

105 1559 236 1586 mutatae
256 1565 295 1585 ex
312 1553 373 1585 alio
392 1554 426 1584 in
445 1552 544 1584 alium
559 1558 677 1583 statum
692 1557 864 1583 transeant.
886 1551 981 1590 Quod
1001 1552 1026 1582 si
1046 1563 1112 1583 non
1134 1553 1177 1583 ita
1197 1563 1263 1584 sese
1281 1553 1427 1596 haberet,

105 1607 159 1639 sed
183 1617 292 1638 omnes
310 1607 374 1639 vivi
394 1606 546 1637 continuo
565 1606 599 1637 in
623 1611 757 1637 mortem
778 1611 875 1648 atque
896 1605 1036 1636 nihilum
1056 1605 1199 1645 abirent,
1223 1611 1286 1637 tota
1313 1613 1426 1639 natura

105 1660 259 1704 paulatim
279 1659 447 1691 moriundo
468 1664 719 1690 consumeretur.
744 1659 843 1701 Atqui
861 1654 974 1690 natura
991 1659 1041 1690 sui
1061 1659 1127 1701 ipsa
1147 1664 1194 1689 est
1211 1662 1425 1692 conservatrix

105 1720 198 1753 etex
221 1719 322 1745 morte
345 1713 501 1744 instaurat
519 1713 618 1746 vitam
640 1713 698 1755 (2).
737 1713 804 1744 Hac
833 1712 1034 1744 conclusione
1062 1724 1258 1756 quamquam
1287 1714 1425 1746 nimium

105 1769 259 1799 conficere
284 1767 386 1800 voluit
419 1767 530 1808 Plato,
569 1767 723 1798 nimirum
750 1767 848 1799 fuisse
874 1767 968 1798 etiam
998 1772 1170 1809 antequam
1199 1766 1259 1798 hoc
1293 1778 1424 1810 corpore

165 1897 208 1926 (ι)
224 1896 262 1920 Cf.
281 1902 365 1927 praeter
381 1898 495 1921 eximiam
515 1897 584 1921 illam
600 1898 705 1922 Bouneti
720 1899 749 1922 de
767 1898 933 1929 Palingeuesia
950 1897 1118 1928 philosophica
1136 1898 1380 1927 commentationem,
1400 1899 1422 1921 J.

104 1937 130 1960 F.
145 1937 238 1964 Jacobi,
264 1937 330 1960 Alles
346 1937 372 1960 in
388 1938 429 1960 der
449 1942 523 1961 natur
538 1939 595 1963 lebt.
615 1939 702 1962 Niehts
715 1940 747 1962 ist
764 1947 824 1970 ganz
838 1939 900 1962 todi.
919 1938 966 1961 Die
981 1938 1067 1960 stillste
1081 1938 1141 1960 ruhe
1157 1938 1209 1961 und
1224 1938 1296 1962 sexbst
1315 1939 1353 1962 die
1370 1947 1423 1963 ver—

104 1984 202 2007 wesung
219 1976 273 1999 sind
292 1976 432 1999 wirksames
446 1977 524 2000 leben.
542 1978 650 2010 Leipzig,
671 1979 736 2009 1798.

163 2011 206 2045 (2)
222 2015 262 2038 Cf.
282 2013 351 2039 Plato
366 2014 393 2039 in
407 2014 539 2047 Phaedbhe,
553 2025 581 2048 p.
599 2025 627 2040 22
640 2026 678 2049 sq.
696 2018 720 2041 et
734 2018 762 2041 26
773 2036 779 2047 ‚
798 2018 826 2048 27
838 2017 879 2040 ed.
893 2017 982 2048 Wytt.
1000 2021 1024 2040 et
1034 2016 1153 2048 imprimis
1167 2017 1209 2041 illa
1219 2017 1307 2048 Wyn.
1319 2018 1345 2040 iu
1358 2017 1416 2040 diss.

101 2055 172 2079 laud.
193 2060 251 2078 sect.
270 2055 304 2078 V.
