1747 2620
720 266 732 308 (
756 268 792 298 31
820 267 832 309 )

117 340 275 371 felicitatis
297 351 396 383 genus
422 340 557 383 quisque
580 340 718 371 maxime
738 341 778 371 sit
797 341 1002 381 constitutus,
1038 352 1077 372 ex
1097 342 1298 384 singulorum
1325 349 1438 374 natura

115 392 276 435 hujusque
300 393 418 436 regulis
441 393 546 436 colligi
572 399 685 436 potest.
725 393 781 423 His
805 404 880 425 vero
905 394 984 425 deus
1009 395 1111 425 utitur
1136 401 1175 426 ut
1196 406 1249 426 eos
1272 407 1439 426 causarum

115 446 192 476 fines
213 457 291 488 quos
312 446 410 477 semel
430 447 487 477 sibi
508 448 629 489 posuit,
651 452 846 489 assequatur.
872 446 967 478 Unde
988 447 1139 487 efficitur,
1165 459 1336 479 corumune
1357 448 1439 479 illud

114 498 274 530 felicitatis
298 499 529 542 consequendae
555 499 748 531 desiderium
777 500 928 542 quoniam
951 501 1030 533 vivis
1056 500 1203 532 omnibus
1225 501 1366 532 inditum
1392 506 1439 531 est

113 563 171 594 pro
190 553 404 595 peculiaribus
423 564 500 596 quas
518 554 653 596 quisque
669 565 686 584 a
702 559 816 584 natura
837 553 1011 596 acceperit,
1032 553 1152 585 viribus
1170 553 1304 598 ejusque
1321 552 1439 595 regulis

112 606 155 636 ita
179 606 335 637 moderari
360 612 456 649 atque
477 606 619 645 definiri,
644 612 682 637 ut
703 607 854 638 inserviat
875 606 1011 637 consiliis
1031 612 1127 648 atque
1150 606 1266 637 finibus
1284 606 1343 638 deo
1362 617 1439 648 pro—

113 658 231 700 positiS.
250 658 348 701 Atqui
369 670 407 690 ex
429 660 544 690 mentis
563 665 678 690 nostrae
696 658 902 690 facultatibus
919 665 1030 701 sponte
1051 658 1181 701 profluit
1195 665 1232 690 ut
1251 670 1316 690 non
1336 659 1439 690 solum

112 712 275 743 notionem
296 712 402 743 animo
417 712 628 744 informemus
649 713 722 744 vitae
739 711 906 755 cujusdam
924 718 994 755 post
1008 712 1091 743 hanc
1108 712 1228 743 futurae
1248 712 1440 754 majorisque

112 759 206 808 quam
232 777 296 808 quo
319 777 408 797 nunc
429 766 591 805 fruimur,
616 765 795 805 felicitatis,
820 776 932 797 verum
956 766 1051 796 etiam
1076 764 1270 796 desiderium
1294 769 1439 795 nostrum

111 819 145 849 in
162 819 323 850 infinitum
344 819 558 862 progreditur.
581 818 861 859 Quemadmodum
878 819 978 861 igitur
993 830 1156 850 summum
1171 829 1294 849 numen
1311 829 1350 849 ex
1364 818 1440 848 fini—-

111 871 171 903 bus
199 883 365 904 causarum
390 872 448 904 sihi
472 873 581 916 positis
607 879 712 904 totum
740 872 900 904 mundum
931 877 1096 903 conservat
1121 871 1364 914 gubernatque,
1395 871 1439 901 ita

111 935 240 968 quoque
264 925 427 957 hominem
459 932 584 957 aeternae
610 925 775 967 beataeque
801 926 872 957 vitae
898 925 937 956 ad
965 936 1062 967 quam
1087 924 1265 956 secundum
1289 930 1439 954 naturam

112 987 201 1008 suam
222 983 254 1008 et
270 978 410 1008 indolem
428 989 445 1008 a
462 978 521 1009 deo
537 977 711 1009 destinatus
729 983 791 1017 est,
809 977 884 1008 olim
899 978 1086 1020 participem
1104 978 1173 1008 fieri
1189 982 1440 1008 consentaneum

112 1035 159 1059 est
178 1035 210 1060 et
228 1041 425 1072 consequens
442 1030 500 1073 (1).
530 1030 602 1061 Jam
620 1030 673 1061 hic
694 1030 810 1061 addere
833 1041 996 1072 possemus
1018 1030 1158 1062 divinam
1183 1028 1416 1071 providentiam
1429 1051 1438 1067 ,

112 1093 184 1124 quae
204 1082 328 1114 duobus
349 1089 524 1125 spectatur,
548 1083 786 1114 conservatione
807 1088 840 1113 et
863 1082 1109 1124 gubernatione,
1131 1093 1196 1112 non
1220 1082 1324 1112 sinere
1349 1091 1439 1123 posse

112 1136 233 1165 animos
251 1141 322 1177 post
345 1141 481 1166 mortem
502 1136 651 1176 interire3
674 1136 714 1167 acl
738 1146 865 1167 omnem
887 1137 974 1166 enim
995 1141 1143 1166 naturam
1167 1141 1306 1166 creatam
1327 1145 1359 1165 se
1379 1145 1439 1164 ex-

110 1187 242 1218 tendere
266 1187 316 1218 dei
338 1189 628 1228 conservationem,
652 1200 760 1232 neque
785 1189 961 1232 quidquam
986 1188 1020 1218 in
1043 1187 1184 1219 nihilum
1207 1187 1332 1226 redire,
1362 1198 1439 1218 cum

111 1240 189 1271 deus
208 1240 255 1271 nil
276 1242 428 1274 creavisse
448 1242 489 1272 sit
510 1241 703 1282 censendus,
728 1242 815 1284 quod
836 1241 920 1273 nulli
938 1252 1082 1284 unquam
1103 1241 1177 1272 usui
1198 1251 1234 1271 ac
1253 1241 1308 1271 fini
1333 1240 1439 1270 inser-

110 1294 191 1334 viat3
213 1295 333 1325 animos
352 1295 476 1338 itaque,
498 1306 572 1326 cum
593 1300 663 1337 post
681 1300 816 1326 mortem
839 1300 996 1337 perpetuo
1016 1294 1090 1325 usui
1107 1304 1173 1325 esse
1193 1293 1312 1335 possint
1335 1292 1374 1323 ab
1398 1303 1437 1323 eo

110 1353 329 1380 conservatum
349 1348 400 1379 iri.
421 1348 547 1379 Addere
565 1359 728 1390 possemus
744 1354 864 1379 rectam
885 1347 1001 1379 mundi
1020 1347 1254 1388 hominumque
1275 1344 1437 1388 guberna-

109 1399 228 1431 tionem
252 1400 429 1443 postulare,
453 1406 490 1431 ut
510 1406 574 1431 tota
594 1401 685 1443 quasi
704 1400 883 1443 respublica
899 1400 938 1431 ab
953 1401 1059 1443 impiis
1078 1411 1143 1431 non
1162 1399 1326 1439 turbetur,
1347 1398 1438 1429 ideo-

111 1463 174 1495 que
209 1453 326 1484 scelera
355 1454 548 1496 puniantur,
584 1453 723 1496 praemiis
757 1458 882 1487 contra>
898 1458 1031 1484 ornetur
1065 1453 1178 1485 virtus.
1215 1451 1299 1490 Quae
1329 1457 1438 1482 tamen

111 1507 260 1548 quoniam
279 1507 394 1549 partim
415 1519 489 1539 cum
511 1506 768 1550 praecedentibus
788 1507 961 1538 arctissime
985 1511 1061 1537 sunt
1082 1504 1253 1548 conjuncta
1273 1514 1313 1534 ex
1335 1504 1439 1546 iisque

111 1560 184 1590 satis
201 1559 336 1602 intelligi
356 1566 501 1602 possunt,
523 1561 639 1603 partim
659 1561 693 1592 in
713 1560 920 1603 sequentibus
941 1565 1038 1591 erunt
1059 1557 1241 1597 tractanda,
1267 1557 1321 1588 hic
1341 1557 1439 1599 capiti

111 1612 182 1643 finis
201 1618 248 1643 est
265 1613 492 1655 imponendus,
523 1619 621 1656 atque
638 1625 683 1644 ne
697 1613 785 1656 longi
804 1614 918 1654 simus,
949 1612 989 1645 ad
1009 1617 1198 1655 argumenta
1217 1609 1437 1654 philosophica

111 1666 247 1707 practica
272 1666 337 1697 sive
363 1666 491 1697 moralia
517 1667 748 1698 transeundum
770 1672 826 1698 est.

173 1777 205 1806 (1)
221 1777 269 1801 eff.
287 1778 316 1800 de
324 1779 391 1801 omni
405 1779 449 1801 hac
465 1784 660 1810 argumentorum
675 1783 742 1809 parte
757 1783 812 1809 post
824 1778 952 1802 Platonem
966 1778 993 1801 in
1008 1777 1095 1801 Phaed.
1111 1777 1224 1800 Plotinus
1240 1776 1267 1799 in
1280 1775 1390 1800 Ennead.
1411 1779 1435 1798 et

114 1816 263 1847 Augustinus
282 1818 307 1850 in
325 1818 370 1840 lib.
390 1819 419 1841 de
441 1819 625 1841 immortalitate
644 1819 733 1846 auimi;
757 1818 932 1847 Meudelsohn,
955 1818 1085 1841 Reimarus
1101 1817 1119 1839 l.
1137 1817 1155 1839 1.
1171 1816 1189 1840 l.
1210 1816 1228 1838 l.
1250 1815 1357 1838 Coutzen
1374 1814 1392 1837 l.
1414 1822 1436 1837 c.

113 1864 168 1886 cap.
184 1858 220 1878 11.
239 1857 251 1885 §
267 1858 309 1879 506
324 1865 361 1887 sq.
379 1866 433 1888 cap.
454 1859 489 1887 V,
509 1866 568 1891 quoa
583 1859 633 1889 jam
653 1858 822 1888 laudavimus,
841 1858 967 1889 scriptores
982 1857 1104 1889 plerique;
1128 1861 1152 1879 et
1169 1855 1212 1887 qui
1227 1855 1256 1879 de
1276 1855 1354 1878 theol.
1375 1858 1432 1878 nat.

113 1897 156 1920 scri
159 1899 271 1928 pserunt,
282 1903 377 1922 omues,
