1747 2620
946 295 958 337 (
982 295 1023 335 24
1046 295 1057 337 )

350 370 500 413 populare
518 370 703 412 imperium,
723 369 788 401 sive
806 368 1035 399 Democratiam
1057 368 1258 400 constituant.
1276 368 1542 411 Quandoquidem
1560 369 1658 412 igitur

348 425 381 454 in
403 422 536 454 dubium
559 422 661 455 vocari
681 422 810 463 nequit,
826 421 904 463 quin
924 431 1082 451 summum
1102 421 1272 463 imperium
1288 422 1327 452 ab
1342 423 1462 464 origine
1480 434 1544 453 non
1560 424 1658 465 magis

348 476 481 518 populo,
502 487 595 518 quam
617 473 818 516 optimatibus
841 473 891 505 vel
909 474 1047 515 Principi
1073 479 1246 515 competat,
1275 474 1329 505 sed
1351 475 1469 507 civium
1494 475 1656 506 voluntate

348 529 475 560 demum
491 529 529 558 sit
546 527 719 558 creandam
734 532 765 557 et
779 527 1060 564 constituendum5
1080 528 1237 568 sequitur,
1260 538 1422 558 erroneam
1442 539 1507 559 esse
1528 529 1656 559 omnino

347 593 455 612 eorum
469 581 656 618 doctrinam,
672 580 727 621 qui
742 579 930 617 sustineant,
947 580 1146 621 originariam
1162 591 1268 611 rerum
1289 580 1488 622 publicarum
1504 581 1655 619 sormam,

345 633 474 676 jubente
492 633 628 672 ratione,
644 633 891 663 Democratiam
912 642 990 670 esse,
1003 638 1034 662 et
1048 642 1087 662 ex
1100 643 1134 662 ea
1150 639 1253 674 postea
1272 633 1417 672 demum,
1434 634 1515 664 facta
1530 634 1656 676 imperii

346 686 565 723 translatione,
599 686 850 716 Aristocratias
878 684 928 716 vel
962 686 1178 715 ,Monarchias
1205 696 1270 716 esse
1298 692 1430 716 exortas.
1462 686 1542 724 Quae
1570 687 1655 717 enim

346 740 445 780 prima
468 739 565 769 suerit
581 738 743 769 civitatum
760 738 876 775 forma,
896 737 955 767 hoc
972 749 1034 767 non
1050 748 1087 768 ex
1107 738 1234 768 rationis
1254 738 1433 780 praeceptis,
1455 738 1509 768 sed
1528 749 1567 769 ex
1584 738 1655 769 solis

345 792 480 822 historiae
503 792 714 821 monumentis
735 791 877 832 cognosci
896 796 1008 832 potest.

386 845 496 885 Itaque
520 843 581 886 jam
603 843 686 873 sacili
708 845 832 884 negotio
853 843 1047 885 intelligetis,
1069 843 1105 873 A.
1125 843 1182 882 H.,
1203 849 1357 885 quantum
1378 854 1394 873 a
1414 854 1488 874 vero
1508 842 1655 875 aberrent

344 897 532 928 recentiores
559 896 605 925 illi
630 895 774 925 Politices
793 897 975 936 scriptores,
1001 897 1056 937 qui
1083 902 1218 926 nostram
1247 896 1433 925 sententiam
1458 895 1497 925 de
1521 896 1653 936 imperio

343 949 549 979 conventione
580 947 711 978 fundato
737 947 786 977 vel
812 947 851 976 ad
881 947 1064 981 Hohhesii,
1095 946 1145 977 vel
1169 947 1208 977 ad
1233 947 1457 978 Roasseaavii
1479 946 1653 977 doctrinam

342 1001 514 1032 necessario
534 999 726 1038 conducere,
748 998 882 1040 ideoque
902 997 952 1028 vel
975 997 1188 1039 tyrannidem,
1204 998 1255 1028 vel
1275 999 1454 1029 anarchiam
1469 999 1600 1030 suadere
1622 1005 1654 1029 et

342 1054 497 1084 concitare
525 1052 727 1090 arbitrantes,
759 1050 844 1081 illam
875 1050 959 1081 ferro
985 1056 1017 1081 et
1049 1051 1122 1092 igne
1149 1050 1381 1092 exstirpandam
1411 1061 1476 1081 esse
1504 1051 1651 1081 clamant.

341 1105 460 1144 Quodsi
476 1116 510 1136 ea
531 1111 610 1135 esset
623 1105 784 1135 sententiae
802 1115 818 1134 a
834 1114 884 1133 me
901 1103 1064 1144 propositae
1081 1104 1125 1134 vis
1144 1109 1176 1134 et
1195 1103 1342 1142 effectus,
1360 1109 1398 1134 ut
1416 1103 1465 1134 vel
1485 1103 1653 1134 Hobbesii

341 1158 392 1189 vel
407 1158 630 1189 Rousseauvii
649 1168 768 1188 errores
788 1157 1001 1194 confirmaret,
1021 1167 1078 1198 ego
1099 1157 1219 1198 primus
1240 1157 1382 1187 omnium
1403 1156 1545 1198 profecto
1565 1156 1651 1187 illam

341 1210 379 1241 ad
401 1216 591 1252 perpetuum
612 1221 629 1240 e
653 1209 730 1253 juris
756 1208 874 1251 publici
895 1208 1057 1250 disciplina
1078 1209 1209 1239 exilium
1236 1209 1490 1240 condemnarem.
1513 1208 1651 1239 Utrum-

340 1274 403 1305 que
425 1264 509 1294 enim
533 1264 663 1293 istorum
690 1268 821 1304 systema
848 1261 962 1292 salsum
990 1263 1117 1291 omnino
1142 1267 1237 1303 atque
1266 1262 1490 1304 imperantium
1515 1261 1651 1303 populo-

338 1327 475 1358 rumque
495 1316 587 1346 saluti
606 1326 694 1357 aeqne
710 1315 872 1346 funestum
894 1325 958 1345 esse
981 1314 1146 1344 contendo.
1171 1314 1314 1345 Alterum
1336 1315 1422 1345 enim
1442 1315 1560 1345 civium
1580 1314 1650 1358 jura

338 1370 469 1407 evertit,
494 1368 628 1399 alterum
653 1379 727 1399 vero
747 1379 856 1398 eorum
873 1367 970 1398 officia
991 1367 1088 1398 tollit:
1109 1367 1189 1398 illud
1210 1368 1370 1408 Principes
1389 1367 1466 1397 facit
1485 1373 1648 1409 tyrannos,

337 1422 397 1452 hoc
420 1421 574 1464 populum
603 1421 769 1452 rebellem:
795 1421 876 1452 illud
899 1421 1029 1452 subditis
1052 1420 1234 1451 foedissimae
1256 1420 1391 1462 imponit
1414 1420 1572 1451 servitutis
1595 1419 1649 1462 ju·-

338 1486 434 1516 gum,
464 1474 523 1505 hoc
549 1480 638 1516 parat
662 1474 845 1505 effrenatam
874 1474 984 1517 populi
1012 1474 1188 1504 licentiam:
1218 1478 1391 1514 utrumque
1419 1483 1545 1502 omnem
1571 1471 1649 1515 juris

336 1527 517 1568 Principem
538 1527 619 1557 inter
641 1532 673 1557 et
693 1527 847 1569 populum
868 1526 1130 1557 necessitudinem
1156 1526 1287 1567 rumpit.

381 1578 441 1609 Sed
470 1590 548 1610 vana
578 1580 705 1610 omnino
733 1586 779 1610 est
806 1586 837 1611 et
863 1592 944 1611 caeca
972 1581 1112 1611 virorum
1140 1579 1286 1618 illorum,
1316 1590 1332 1609 a
1361 1579 1515 1609 sententia
1543 1584 1648 1609 nostra

340 1632 565 1671 metuentium,
595 1632 771 1674 trepidatio.
809 1633 918 1672 Quum
945 1634 1029 1664 enim
1058 1631 1196 1675 populus
1227 1631 1264 1662 ab
1294 1632 1414 1673 origine
1444 1643 1508 1662 non
1534 1630 1648 1662 habeat

337 1695 497 1715 summum
524 1685 710 1726 imperium,
743 1685 829 1716 haud
858 1697 932 1716 sane
958 1691 1058 1727 potest
1082 1685 1200 1715 censeri
1225 1684 1304 1714 illud
1327 1685 1514 1721 alienasse5
1541 1693 1647 1725 neque

336 1738 434 1779 igitur
456 1748 494 1767 ex
519 1737 718 1769 translatione
742 1739 841 1781 Reges
865 1738 1022 1781 possident
1047 1748 1225 1779 supremam
1251 1742 1434 1778 potestatem
1460 1735 1555 1766 nullis
1577 1746 1647 1765 om—

337 1790 413 1820 nino
445 1789 597 1820 limitibus
628 1791 912 1833 circumscriptam,
940 1790 1205 1834 quemadmodum
1237 1789 1289 1820 illa
1318 1795 1391 1819 ante
1425 1788 1646 1818 alienationem

337 1842 471 1884 populo,
498 1853 536 1873 ex
560 1842 705 1873 Hobbesii
729 1843 926 1886 aliorumque
951 1844 1111 1882 doctrina,
1136 1842 1364 1884 competiverit.
1389 1858 1432 1865 —
1454 1841 1565 1882 Neque
1589 1840 1646 1870 fir—

336 1895 428 1925 miori
451 1895 657 1926 fundamento
676 1902 888 1938 superstructa
915 1903 961 1928 est
980 1908 1090 1927 eorum
1115 1897 1236 1939 opinio,
1262 1896 1317 1937 qui
1340 1905 1518 1937 supremam
1540 1899 1646 1936 potes—

336 1953 433 1978 tatem
452 1959 468 1978 a
487 1948 603 1990 populo
623 1960 788 1992 nunquam
809 1950 953 1989 alienari,
973 1949 1026 1980 sed
1041 1949 1126 1991 apud
1145 1960 1218 1980 eum
1235 1959 1358 1990 semper
1373 1958 1500 1978 manere
1519 1947 1642 1977 docent.

337 2000 403 2038 Qui
427 2001 469 2031 ita
489 2001 728 2042 ratiocinantur,
752 2003 774 2033 ii
793 2004 950 2045 profecto,
976 2004 1000 2034 si
1022 2009 1162 2034 constare
1185 2002 1243 2033 sibi
1266 2002 1380 2042 velint,
1401 2002 1441 2033 ad
1464 2012 1548 2040 eam,
1571 2001 1645 2032 licet

337 2054 445 2094 inviti,
466 2054 636 2086 trahuntur
656 2057 927 2098 consequentiam,
949 2057 983 2088 in
1002 2055 1189 2088 Monarchiis
1210 2066 1337 2098 quoque
1357 2054 1510 2098 populum
1529 2053 1645 2085 habere
