1747 2620
860 230 996 274 (134)

457 363 480 406 S
513 362 597 393 VIII.
655 373 696 392 nr:
743 371 945 392 GLANanffi
991 372 1106 391 ΤΗγΜι
1153 371 1393 392 ertx'ssnissUs.

303 459 476 491 Lethalitas
494 465 526 490 et
547 457 728 501 periculum
753 469 824 500 quae
848 457 998 489 oriuntur
1019 469 1058 489 ex
1078 458 1188 500 organi
1209 457 1443 502 cujuscumque
1466 459 1598 493 vulnere

260 515 436 557 generatim
448 513 705 544 determinantur
719 522 776 554 per
792 510 992 542 nobilitatem
1006 511 1181 542 functionis
1193 523 1288 555 quam
1302 514 1442 555 peragit,
1457 520 1488 545 et
1501 517 1597 547 etiam

261 567 397 611 peteuda
419 567 486 598 haec
501 566 673 609 aliquando
690 571 766 596 sunt
787 576 825 596 ex
847 566 910 597 situ
932 576 1030 608 quem
1051 572 1202 609 occupat:
1226 567 1312 598 unde
1330 568 1438 610 regula
1456 570 1598 611 generali

260 622 420 654 declarare
446 632 629 664 possumus,
658 632 696 651 eo
720 619 962 662 periculosiores
989 631 1054 651 esse
1075 620 1217 652 laesiones
1240 622 1338 664 partis
1358 622 1511 667 alicujus,
1535 635 1598 667 quo

258 677 344 708 illius
364 676 488 708 functio
509 675 549 706 ad
568 676 663 707 vitam
679 673 919 706 sustentandam
939 674 1038 717 magis
1053 680 1099 705 est
1120 676 1310 716 necessaria,
1330 682 1362 707 et
1379 688 1443 720 quo
1459 677 1597 710 nobilio—

258 731 347 763 ribus
363 730 582 762 circumdatur
600 741 672 773 pars
686 729 757 760 laesa
774 729 918 771 organis:
938 729 1022 759 hanc
1038 729 1133 760 etiam
1151 729 1311 772 glandulae
1328 730 1438 773 thymo
1452 732 1598 774 regulam

259 786 420 829 applicare
440 784 610 824 debemus,
633 789 665 814 et
689 784 809 825 primo,
836 788 874 814 ut
898 782 1034 826 hujusce
1057 783 1231 815 vulnerum
1252 783 1462 815 lethalitatem
1485 796 1598 817 eruere

259 850 441 883 possemus,
472 844 597 880 oportet
623 837 860 880 perpendamus
884 848 1032 879 quaenam
1059 838 1098 867 sit
1127 836 1224 880 hujus
1247 838 1391 878 functio3
1421 839 1598 881 quomodo,

259 893 394 926 vulnere
415 891 518 930 illato,
545 891 612 921 liaec
636 891 845 929 immutatur,
867 901 1015 932 quaenam
1039 889 1155 921 exinde
1175 891 1376 922 incommoda
1401 893 1599 934 organismus

259 948 412 991 percipit,
439 951 590 988 praeterea
608 943 783 975 videndum
804 949 852 974 est
871 949 951 986 quot
968 942 1150 986 quibusque
1171 943 1315 986 partibus
1336 944 1404 975 haec
1421 945 1543 988 adjacet
1568 953 1600 977 et

259 1012 340 1033 num
366 1000 462 1043 possit
490 998 572 1038 sola,
599 998 726 1029 intactis
751 997 819 1029 aliis
837 998 978 1041 organis,
1008 998 1154 1029 sauciari.

303 1055 401 1086 Plura
426 1054 552 1085 suntin
575 1052 751 1084 oeconomia
773 1053 902 1083 animali
925 1059 955 1083 et
976 1052 1126 1083 notabilia
1146 1063 1262 1095 organa
1285 1063 1422 1095 quorum
1449 1064 1526 1085 usus
1544 1065 1600 1086 nos

259 1110 361 1140 sinon
373 1107 503 1139 omnino
519 1107 639 1149 fugiat,
652 1106 763 1137 saltem
780 1106 921 1137 obscuris
937 1106 1126 1148 caliginibus
1138 1106 1283 1148 sepultus
1296 1113 1358 1146 est,
1377 1107 1419 1138 ita
1437 1113 1475 1138 ut
1491 1119 1600 1139 omnes

260 1163 343 1193 circa
367 1161 449 1191 hanc
474 1170 542 1191 rem
563 1159 683 1189 notitiae
706 1170 803 1201 quam
826 1158 1059 1199 incertissimae,
1089 1159 1247 1190 debilibus
1268 1160 1496 1202 hypothesibus
1522 1174 1600 1204 sup-

259 1214 534 1260 positionibusque
562 1212 729 1244 fallacibus
751 1219 977 1255 superstructae
1003 1213 1076 1243 sint.
1101 1212 1262 1244 Glandula
1286 1213 1415 1256 thymus
1442 1215 1525 1246 iuter
1547 1215 1599 1246 illa

260 1281 377 1313 organa
397 1266 638 1299 annumeranda
659 1272 719 1306 est,
740 1266 857 1309 quihus
876 1267 972 1297 etiam
993 1277 1108 1309 corpus
1127 1266 1348 1309 thyro‘l'deum,
1368 1267 1459 1309 splen
1477 1274 1509 1298 et
1525 1280 1602 1311 cap-

257 1324 336 1356 sulae
360 1321 554 1354 atrabiliares
576 1320 626 1353 vel
647 1319 887 1362 supra-renales
910 1319 1087 1363 adjicienda
1107 1326 1194 1352 sunt.
1217 1320 1358 1360 Crebrae,
1380 1327 1413 1352 et
1431 1333 1489 1364 pro
1508 1323 1601 1354 variis

258 1376 457 1420 temporibus
478 1376 609 1407 diversae
631 1374 761 1405 theoriae
783 1373 823 1405 de
850 1374 1046 1417 physiologia
1068 1374 1171 1418 thymi
1193 1376 1361 1418 propositae
1387 1376 1499 1416 fuere,
1527 1388 1600 1419 quae

259 1442 369 1463 omnes
395 1430 596 1473 singulatim,
622 1429 712 1460 novis
732 1428 974 1467 accedentibus,
1005 1439 1122 1460 eversae
1143 1435 1240 1471 atque
1266 1429 1381 1459 dirutae
1402 1435 1494 1468 sunt,
1521 1430 1600 1461 adeo

258 1492 297 1518 ut
323 1497 364 1516 ne
392 1484 524 1528 quidem
550 1494 639 1514 nunc
665 1483 817 1525 temporis
842 1481 921 1525 quid
949 1488 1073 1513 certum
1101 1482 1393 1514 determinatumve
1416 1482 1476 1513 hac
1501 1482 1540 1514 de
1566 1494 1600 1515 re

259 1539 445 1571 habeamus.
469 1538 581 1568 Varias
598 1537 654 1568 has
670 1537 808 1568 theorias
827 1537 1033 1578 exposuimus
1053 1534 1193 1568 breviter
1209 1536 1242 1566 in
1259 1541 1348 1577 parte
1367 1535 1599 1579 physiologica,

260 1594 466 1635 diximusque
488 1592 522 1622 in
542 1591 602 1622 hoc
623 1591 709 1629 loco,
729 1589 914 1633 glandulam
936 1600 974 1620 eo
995 1589 1147 1633 majorem
1168 1589 1387 1622 evolutionem
1408 1596 1600 1631 monstrare,

261 1659 325 1691 quo
347 1648 445 1689 magis
466 1645 506 1676 ad
531 1651 649 1676 statum
676 1643 818 1675 foetalem
842 1642 1029 1675 individuus
1049 1643 1195 1682 accedat,
1224 1649 1257 1674 et
1277 1643 1393 1674 sensim
1419 1644 1602 1687 sensimque

261 1705 423 1733 crescente
444 1704 536 1730 aetate
561 1698 647 1729 illam
664 1697 828 1730 volumine
851 1698 970 1738 minui,
991 1697 1069 1729 adeo
1093 1704 1130 1729 ut
1148 1698 1233 1741 apud
1254 1699 1393 1730 seniores
1412 1699 1480 1738 vix,
1502 1704 1535 1730 et
1559 1710 1600 1731 ne

261 1757 316 1789 vix
336 1754 483 1798 quidem,
505 1753 634 1792 existat,
663 1752 750 1784 unde
770 1752 962 1784 concludere
985 1752 1071 1784 haud
1097 1758 1218 1784 temere
1242 1752 1317 1783 licet
1339 1752 1436 1796 hujus
1457 1753 1601 1784 functio—

261 1821 337 1840 nem
359 1819 396 1839 eo
417 1806 516 1849 magis
534 1807 743 1837 necessariam
765 1818 847 1846 esse,
868 1818 932 1849 quo
956 1808 1052 1838 statui
1070 1807 1171 1838 foetali
1192 1807 1403 1850 propinquior
1424 1807 1599 1839 esthemo:

261 1862 360 1907 liujus
379 1861 547 1892 necessitas
565 1861 598 1891 in
615 1860 698 1891 foetu
717 1862 854 1892 maxima
873 1871 939 1891 esse
956 1860 1097 1899 videtur,
1115 1862 1236 1904 quippe
1255 1861 1330 1903 quia
1350 1860 1390 1892 ad
1405 1861 1599 1893 immensum

262 1919 296 1948 iu
326 1916 424 1947 hacce
453 1920 544 1946 aetate
569 1913 722 1947 volumen
749 1921 878 1946 extensa
909 1921 972 1954 est,
998 1914 1172 1958 (majorem
1205 1915 1356 1946 Thoracis
1381 1917 1449 1948 cavi
1474 1922 1599 1959 partem

262 1970 409 2014 implet),
435 1974 467 2000 et
491 1969 566 2011 quia
591 1968 729 2000 maxima
751 1968 906 2001 vitalitate
932 1974 1010 2000 tunc
1031 1970 1182 2012 temporis
1205 1969 1360 2000 donatur:
1384 1970 1462 2012 quid
1484 1971 1598 2013 igitur,

263 2023 368 2068 quoad
390 2022 493 2066 thymi
518 2021 737 2063 functionem,
764 2022 804 2054 de
825 2022 922 2067 hujus
944 2023 1116 2057 vulnerum
1141 2023 1317 2056 lethalitate
1344 2023 1484 2056 stabilire
1511 2023 1599 2055 nobis
