<?xml version="1.0" encoding="UTF-8"?>
<!DOCTYPE html PUBLIC "-//W3C//DTD XHTML 1.0 Transitional//EN"
    "http://www.w3.org/TR/xhtml1/DTD/xhtml1-transitional.dtd">
<html xmlns="http://www.w3.org/1999/xhtml" xml:lang="en" lang="en">
 <head>
  <title>
</title>
<meta http-equiv="Content-Type" content="text/html;charset=utf-8" />
  <meta name='ocr-system' content='tesseract 3.04.00' />
  <meta name='ocr-capabilities' content='ocr_page ocr_carea ocr_par ocr_line ocrx_word'/>
</head>
<body>
  <div class='ocr_page' id='page_1' title='image "annalesacademiae00acad_0270.png"; bbox 0 0 1747 2620; ppageno 0'>
   <div class='ocr_carea' id='block_1_1' title="bbox 896 249 1009 292">
    <p class='ocr_par' dir='ltr' id='par_1_1' title="bbox 896 249 1009 292">
     <span class='ocr_line' id='line_1_1' title="bbox 896 249 1009 292; baseline 0 0"><span class='ocrx_word' id='word_1_1' title='bbox 896 249 1009 292; x_wconf 76' lang='lat'>(82)</span> 
     </span>
    </p>
   </div>
   <div class='ocr_carea' id='block_1_2' title="bbox 405 373 1507 416">
    <p class='ocr_par' dir='ltr' id='par_1_2' title="bbox 405 373 1507 416">
     <span class='ocr_line' id='line_1_2' title="bbox 405 373 1507 416; baseline 0.003 -13"><span class='ocrx_word' id='word_1_2' title='bbox 405 373 428 416; x_wconf 62' lang='lat' dir='ltr'>g</span> <span class='ocrx_word' id='word_1_3' title='bbox 467 373 505 404; x_wconf 86' lang='lat' dir='ltr'>V.</span> <span class='ocrx_word' id='word_1_4' title='bbox 566 385 606 404; x_wconf 86' lang='lat' dir='ltr'>DE</span> <span class='ocrx_word' id='word_1_5' title='bbox 651 384 877 405; x_wconf 76' lang='lat' dir='ltr'>ARTERIARUM</span> <span class='ocrx_word' id='word_1_6' title='bbox 925 384 1231 406; x_wconf 75' lang='lat' dir='ltr'>1NTER(2OSTAL1UM</span> <span class='ocrx_word' id='word_1_7' title='bbox 1277 386 1507 406; x_wconf 79' lang='lat' dir='ltr'>VULNERIBUS.</span> 
     </span>
    </p>
   </div>
   <div class='ocr_carea' id='block_1_3' title="bbox 284 460 1634 1909">
    <p class='ocr_par' dir='ltr' id='par_1_3' title="bbox 285 460 1627 670">
     <span class='ocr_line' id='line_1_3' title="bbox 330 460 1627 506; baseline 0.002 -14"><span class='ocrx_word' id='word_1_8' title='bbox 330 461 485 500; x_wconf 85' lang='lat' dir='ltr'>Quamvis</span> <span class='ocrx_word' id='word_1_9' title='bbox 506 462 630 493; x_wconf 83' lang='lat' dir='ltr'>arteriae</span> <span class='ocrx_word' id='word_1_10' title='bbox 655 460 871 492; x_wconf 84' lang='lat' dir='ltr'>intercostales</span> <span class='ocrx_word' id='word_1_11' title='bbox 890 462 998 491; x_wconf 87' lang='lat' dir='ltr'>stricte</span> <span class='ocrx_word' id='word_1_12' title='bbox 1019 461 1181 504; x_wconf 88' lang='lat' dir='ltr'>loquendo</span> <span class='ocrx_word' id='word_1_13' title='bbox 1201 462 1241 493; x_wconf 89' lang='lat' dir='ltr'>ad</span> <span class='ocrx_word' id='word_1_14' title='bbox 1261 469 1365 506; x_wconf 79' lang='lat' dir='ltr'>partes</span> <span class='ocrx_word' id='word_1_15' title='bbox 1387 463 1531 495; x_wconf 77' lang='lat' dir='ltr'>Thorace</span> <span class='ocrx_word' id='word_1_16' title='bbox 1548 474 1627 494; x_wconf 88' lang='lat' dir='ltr'>con-</span> 
     </span>
     <span class='ocr_line' id='line_1_4' title="bbox 286 516 1627 560; baseline 0.001 -14"><span class='ocrx_word' id='word_1_17' title='bbox 286 521 387 547; x_wconf 88' lang='lat' dir='ltr'>tentas</span> <span class='ocrx_word' id='word_1_18' title='bbox 409 516 604 558; x_wconf 81' lang='lat' dir='ltr'>pertineant,</span> <span class='ocrx_word' id='word_1_19' title='bbox 627 527 729 558; x_wconf 86' lang='lat' dir='ltr'>quum</span> <span class='ocrx_word' id='word_1_20' title='bbox 752 521 861 546; x_wconf 88' lang='lat' dir='ltr'>tamen</span> <span class='ocrx_word' id='word_1_21' title='bbox 882 521 954 546; x_wconf 81' lang='lat' dir='ltr'>totae</span> <span class='ocrx_word' id='word_1_22' title='bbox 977 522 1105 558; x_wconf 80' lang='lat' dir='ltr'>quantae</span> <span class='ocrx_word' id='word_1_23' title='bbox 1126 517 1158 546; x_wconf 90' lang='lat' dir='ltr'>in</span> <span class='ocrx_word' id='word_1_24' title='bbox 1179 517 1409 560; x_wconf 79' lang='lat' dir='ltr'>integumentis</span> <span class='ocrx_word' id='word_1_25' title='bbox 1430 517 1627 548; x_wconf 81' lang='lat' dir='ltr'>distribuan—</span> 
     </span>
     <span class='ocr_line' id='line_1_5' title="bbox 286 568 1626 615; baseline 0.004 -16"><span class='ocrx_word' id='word_1_26' title='bbox 286 575 354 608; x_wconf 87' lang='lat' dir='ltr'>tur,</span> <span class='ocrx_word' id='word_1_27' title='bbox 378 575 409 599; x_wconf 86' lang='lat' dir='ltr'>et</span> <span class='ocrx_word' id='word_1_28' title='bbox 432 568 537 600; x_wconf 80' lang='lat' dir='ltr'>nullos</span> <span class='ocrx_word' id='word_1_29' title='bbox 560 569 627 600; x_wconf 87' lang='lat' dir='ltr'>fere</span> <span class='ocrx_word' id='word_1_30' title='bbox 651 581 755 600; x_wconf 86' lang='lat' dir='ltr'>ramos</span> <span class='ocrx_word' id='word_1_31' title='bbox 775 569 927 601; x_wconf 85' lang='lat' dir='ltr'>interiora</span> <span class='ocrx_word' id='word_1_32' title='bbox 951 581 1060 601; x_wconf 83' lang='lat' dir='ltr'>versus</span> <span class='ocrx_word' id='word_1_33' title='bbox 1081 570 1265 609; x_wconf 85' lang='lat' dir='ltr'>demittant,</span> <span class='ocrx_word' id='word_1_34' title='bbox 1291 573 1432 615; x_wconf 83' lang='lat' dir='ltr'>ipsarum</span> <span class='ocrx_word' id='word_1_35' title='bbox 1460 572 1626 604; x_wconf 82' lang='lat' dir='ltr'>laesionum</span> 
     </span>
     <span class='ocr_line' id='line_1_6' title="bbox 285 622 1531 670; baseline 0.003 -17"><span class='ocrx_word' id='word_1_36' title='bbox 285 622 495 654; x_wconf 81' lang='lat' dir='ltr'>lethalitatem</span> <span class='ocrx_word' id='word_1_37' title='bbox 515 628 547 653; x_wconf 88' lang='lat' dir='ltr'>et</span> <span class='ocrx_word' id='word_1_38' title='bbox 569 622 722 669; x_wconf 83' lang='lat' dir='ltr'>damnum</span> <span class='ocrx_word' id='word_1_39' title='bbox 746 622 798 653; x_wconf 91' lang='lat' dir='ltr'>hic</span> <span class='ocrx_word' id='word_1_40' title='bbox 819 622 962 654; x_wconf 87' lang='lat' dir='ltr'>locorum</span> <span class='ocrx_word' id='word_1_41' title='bbox 984 624 1199 666; x_wconf 84' lang='lat' dir='ltr'>perquirenda</span> <span class='ocrx_word' id='word_1_42' title='bbox 1220 636 1285 656; x_wconf 86' lang='lat' dir='ltr'>esse</span> <span class='ocrx_word' id='word_1_43' title='bbox 1306 626 1531 670; x_wconf 83' lang='lat' dir='ltr'>judicavimus.</span> 
     </span>
    </p>

    <p class='ocr_par' dir='ltr' id='par_1_4' title="bbox 284 676 1634 1909">
     <span class='ocr_line' id='line_1_7' title="bbox 329 676 1628 723; baseline 0.005 -17"><span class='ocrx_word' id='word_1_44' title='bbox 329 676 472 715; x_wconf 82' lang='lat' dir='ltr'><strong>Quinam</strong></span> <span class='ocrx_word' id='word_1_45' title='bbox 502 676 636 708; x_wconf 79' lang='lat' dir='ltr'>effectus</span> <span class='ocrx_word' id='word_1_46' title='bbox 665 687 703 707; x_wconf 83' lang='lat' dir='ltr'>ex</span> <span class='ocrx_word' id='word_1_47' title='bbox 733 676 849 708; x_wconf 82' lang='lat' dir='ltr'>harum</span> <span class='ocrx_word' id='word_1_48' title='bbox 880 678 1021 721; x_wconf 86' lang='lat' dir='ltr'>partium</span> <span class='ocrx_word' id='word_1_49' title='bbox 1048 679 1236 711; x_wconf 80' lang='lat' dir='ltr'>vulneribus</span> <span class='ocrx_word' id='word_1_50' title='bbox 1256 680 1384 711; x_wconf 77' lang='lat' dir='ltr'>oritur?</span> <span class='ocrx_word' id='word_1_51' title='bbox 1415 680 1534 723; x_wconf 58' lang='lat' dir='ltr'>Aperta</span> <span class='ocrx_word' id='word_1_52' title='bbox 1561 680 1628 712; x_wconf 65' lang='lat' dir='ltr'>una</span> 
     </span>
     <span class='ocr_line' id='line_1_8' title="bbox 285 730 1628 777; baseline 0.002 -16"><span class='ocrx_word' id='word_1_53' title='bbox 285 730 386 763; x_wconf 62' lang='lat' dir='ltr'>alifive</span> <span class='ocrx_word' id='word_1_54' title='bbox 409 731 524 762; x_wconf 62' lang='lat' dir='ltr'>arteria</span> <span class='ocrx_word' id='word_1_55' title='bbox 540 731 751 771; x_wconf 87' lang='lat' dir='ltr'>intercostali,</span> <span class='ocrx_word' id='word_1_56' title='bbox 768 733 897 775; x_wconf 84' lang='lat' dir='ltr'>sanguis</span> <span class='ocrx_word' id='word_1_57' title='bbox 917 732 1040 764; x_wconf 87' lang='lat' dir='ltr'>multus</span> <span class='ocrx_word' id='word_1_58' title='bbox 1059 733 1176 764; x_wconf 76' lang='lat' dir='ltr'>exinde</span> <span class='ocrx_word' id='word_1_59' title='bbox 1191 733 1351 777; x_wconf 81' lang='lat' dir='ltr'>erumpit,</span> <span class='ocrx_word' id='word_1_60' title='bbox 1370 740 1419 774; x_wconf 81' lang='lat' dir='ltr'>et,</span> <span class='ocrx_word' id='word_1_61' title='bbox 1435 734 1486 766; x_wconf 89' lang='lat' dir='ltr'>vel</span> <span class='ocrx_word' id='word_1_62' title='bbox 1502 745 1520 765; x_wconf 89' lang='lat' dir='ltr'>e</span> <span class='ocrx_word' id='word_1_63' title='bbox 1535 733 1628 777; x_wconf 63' lang='lat' dir='ltr'>plaga</span> 
     </span>
     <span class='ocr_line' id='line_1_9' title="bbox 286 784 1629 831; baseline 0.003 -16"><span class='ocrx_word' id='word_1_64' title='bbox 286 790 465 816; x_wconf 73' lang='lat' dir='ltr'>extrorsum</span> <span class='ocrx_word' id='word_1_65' title='bbox 493 784 638 828; x_wconf 87' lang='lat' dir='ltr'>profluit,</span> <span class='ocrx_word' id='word_1_66' title='bbox 660 785 711 817; x_wconf 87' lang='lat' dir='ltr'>vel</span> <span class='ocrx_word' id='word_1_67' title='bbox 732 786 766 816; x_wconf 91' lang='lat' dir='ltr'>in</span> <span class='ocrx_word' id='word_1_68' title='bbox 788 797 903 818; x_wconf 91' lang='lat' dir='ltr'>cavum</span> <span class='ocrx_word' id='word_1_69' title='bbox 924 786 1076 817; x_wconf 79' lang='lat' dir='ltr'>Thoracis</span> <span class='ocrx_word' id='word_1_70' title='bbox 1098 787 1273 827; x_wconf 67' lang='lat' dir='ltr'>delabitur,</span> <span class='ocrx_word' id='word_1_71' title='bbox 1298 794 1385 820; x_wconf 84' lang='lat' dir='ltr'>tanta</span> <span class='ocrx_word' id='word_1_72' title='bbox 1407 799 1447 819; x_wconf 89' lang='lat' dir='ltr'>ex</span> <span class='ocrx_word' id='word_1_73' title='bbox 1472 788 1531 818; x_wconf 90' lang='lat' dir='ltr'>isto</span> <span class='ocrx_word' id='word_1_74' title='bbox 1552 800 1629 831; x_wconf 89' lang='lat' dir='ltr'>pro-</span> 
     </span>
     <span class='ocr_line' id='line_1_10' title="bbox 284 838 1629 883; baseline 0.002 -13"><span class='ocrx_word' id='word_1_75' title='bbox 284 838 383 871; x_wconf 85' lang='lat' dir='ltr'>fluvio</span> <span class='ocrx_word' id='word_1_76' title='bbox 408 839 552 870; x_wconf 75' lang='lat' dir='ltr'>oboritur</span> <span class='ocrx_word' id='word_1_77' title='bbox 577 839 829 883; x_wconf 65' lang='lat' dir='ltr'>haemorrhagian,</span> <span class='ocrx_word' id='word_1_78' title='bbox 855 846 892 872; x_wconf 88' lang='lat' dir='ltr'>ut</span> <span class='ocrx_word' id='word_1_79' title='bbox 921 840 1089 881; x_wconf 81' lang='lat' dir='ltr'>facillime,</span> <span class='ocrx_word' id='word_1_80' title='bbox 1118 842 1151 872; x_wconf 88' lang='lat' dir='ltr'>ni</span> <span class='ocrx_word' id='word_1_81' title='bbox 1174 841 1379 882; x_wconf 77' lang='lat' dir='ltr'>cohibeatur,</span> <span class='ocrx_word' id='word_1_82' title='bbox 1408 841 1534 873; x_wconf 84' lang='lat' dir='ltr'>lethalis</span> <span class='ocrx_word' id='word_1_83' title='bbox 1559 841 1629 873; x_wconf 85' lang='lat' dir='ltr'>fieri</span> 
     </span>
     <span class='ocr_line' id='line_1_11' title="bbox 285 892 1628 939; baseline 0.001 -15"><span class='ocrx_word' id='word_1_84' title='bbox 285 893 353 924; x_wconf 84' lang='lat' dir='ltr'>haec</span> <span class='ocrx_word' id='word_1_85' title='bbox 374 894 470 936; x_wconf 77' lang='lat' dir='ltr'>possit</span> <span class='ocrx_word' id='word_1_86' title='bbox 489 892 552 935; x_wconf 79' lang='lat'>(1),</span> <span class='ocrx_word' id='word_1_87' title='bbox 578 893 725 936; x_wconf 86' lang='lat' dir='ltr'>quamvis</span> <span class='ocrx_word' id='word_1_88' title='bbox 746 894 860 924; x_wconf 86' lang='lat' dir='ltr'>arteria</span> <span class='ocrx_word' id='word_1_89' title='bbox 881 900 965 925; x_wconf 89' lang='lat' dir='ltr'>secta</span> <span class='ocrx_word' id='word_1_90' title='bbox 990 906 1054 925; x_wconf 83' lang='lat' dir='ltr'>non</span> <span class='ocrx_word' id='word_1_91' title='bbox 1080 907 1201 937; x_wconf 76' lang='lat' dir='ltr'>magnae</span> <span class='ocrx_word' id='word_1_92' title='bbox 1226 896 1267 927; x_wconf 87' lang='lat' dir='ltr'>sit</span> <span class='ocrx_word' id='word_1_93' title='bbox 1291 896 1489 939; x_wconf 73' lang='lat' dir='ltr'>capacitatis,</span> <span class='ocrx_word' id='word_1_94' title='bbox 1512 896 1628 927; x_wconf 87' lang='lat' dir='ltr'>vicinia</span> 
     </span>
     <span class='ocr_line' id='line_1_12' title="bbox 286 947 1630 992; baseline 0.001 -14"><span class='ocrx_word' id='word_1_95' title='bbox 286 948 372 979; x_wconf 89' lang='lat' dir='ltr'>enim</span> <span class='ocrx_word' id='word_1_96' title='bbox 388 947 490 979; x_wconf 89' lang='lat' dir='ltr'>cordis</span> <span class='ocrx_word' id='word_1_97' title='bbox 505 947 600 978; x_wconf 85' lang='lat' dir='ltr'>efficit</span> <span class='ocrx_word' id='word_1_98' title='bbox 615 954 652 979; x_wconf 90' lang='lat' dir='ltr'>ut</span> <span class='ocrx_word' id='word_1_99' title='bbox 667 948 796 991; x_wconf 83' lang='lat' dir='ltr'>sanguis</span> <span class='ocrx_word' id='word_1_100' title='bbox 816 948 928 992; x_wconf 87' lang='lat' dir='ltr'>majori</span> <span class='ocrx_word' id='word_1_101' title='bbox 943 949 974 981; x_wconf 89' lang='lat' dir='ltr'>vi</span> <span class='ocrx_word' id='word_1_102' title='bbox 989 950 1022 979; x_wconf 92' lang='lat' dir='ltr'>in</span> <span class='ocrx_word' id='word_1_103' title='bbox 1038 949 1094 979; x_wconf 91' lang='lat' dir='ltr'>has</span> <span class='ocrx_word' id='word_1_104' title='bbox 1108 949 1237 980; x_wconf 76' lang='lat' dir='ltr'>arterias</span> <span class='ocrx_word' id='word_1_105' title='bbox 1256 949 1468 992; x_wconf 78' lang='lat' dir='ltr'>propellatur,</span> <span class='ocrx_word' id='word_1_106' title='bbox 1485 955 1517 980; x_wconf 84' lang='lat' dir='ltr'>et</span> <span class='ocrx_word' id='word_1_107' title='bbox 1531 955 1568 980; x_wconf 85' lang='lat' dir='ltr'>ut</span> <span class='ocrx_word' id='word_1_108' title='bbox 1585 949 1630 980; x_wconf 91' lang='lat' dir='ltr'>sic</span> 
     </span>
     <span class='ocr_line' id='line_1_13' title="bbox 285 1001 1629 1046; baseline 0 -14"><span class='ocrx_word' id='word_1_109' title='bbox 285 1001 456 1044; x_wconf 90' lang='lat' dir='ltr'>propulsus</span> <span class='ocrx_word' id='word_1_110' title='bbox 473 1013 530 1044; x_wconf 89' lang='lat' dir='ltr'>pcr</span> <span class='ocrx_word' id='word_1_111' title='bbox 546 1002 674 1033; x_wconf 88' lang='lat' dir='ltr'>unicam</span> <span class='ocrx_word' id='word_1_112' title='bbox 691 1007 875 1044; x_wconf 86' lang='lat' dir='ltr'>aperturam</span> <span class='ocrx_word' id='word_1_113' title='bbox 885 1027 893 1043; x_wconf 98' lang='lat'>,</span> <span class='ocrx_word' id='word_1_114' title='bbox 905 1009 1046 1046; x_wconf 86' lang='lat' dir='ltr'>quantus</span> <span class='ocrx_word' id='word_1_115' title='bbox 1061 1003 1094 1034; x_wconf 93' lang='lat' dir='ltr'>in</span> <span class='ocrx_word' id='word_1_116' title='bbox 1106 1003 1282 1034; x_wconf 81' lang='lat' dir='ltr'>oeconomia</span> <span class='ocrx_word' id='word_1_117' title='bbox 1295 1003 1424 1040; x_wconf 77' lang='lat' dir='ltr'>existat,</span> <span class='ocrx_word' id='word_1_118' title='bbox 1437 1002 1546 1033; x_wconf 78' lang='lat' dir='ltr'>effluat</span> <span class='ocrx_word' id='word_1_119' title='bbox 1564 1001 1629 1044; x_wconf 81' lang='lat'>(2);</span> 
     </span>
     <span class='ocr_line' id='line_1_14' title="bbox 285 1055 1630 1100; baseline 0 -14"><span class='ocrx_word' id='word_1_120' title='bbox 285 1061 425 1086; x_wconf 77' lang='lat' dir='ltr'>attamen</span> <span class='ocrx_word' id='word_1_121' title='bbox 458 1056 604 1098; x_wconf 89' lang='lat' dir='ltr'>quamvis</span> <span class='ocrx_word' id='word_1_122' title='bbox 630 1055 712 1087; x_wconf 88' lang='lat' dir='ltr'>illud</span> <span class='ocrx_word' id='word_1_123' title='bbox 739 1057 940 1088; x_wconf 82' lang='lat' dir='ltr'>verissimum</span> <span class='ocrx_word' id='word_1_124' title='bbox 973 1057 1034 1096; x_wconf 85' lang='lat' dir='ltr'>sit,</span> <span class='ocrx_word' id='word_1_125' title='bbox 1067 1063 1099 1088; x_wconf 89' lang='lat' dir='ltr'>et</span> <span class='ocrx_word' id='word_1_126' title='bbox 1126 1057 1272 1100; x_wconf 86' lang='lat' dir='ltr'>quamvis</span> <span class='ocrx_word' id='word_1_127' title='bbox 1297 1056 1486 1087; x_wconf 81' lang='lat' dir='ltr'>arteriarum</span> <span class='ocrx_word' id='word_1_128' title='bbox 1514 1055 1630 1087; x_wconf 88' lang='lat' dir='ltr'>harum</span> 
     </span>
     <span class='ocr_line' id='line_1_15' title="bbox 286 1108 1630 1152; baseline -0.001 -11"><span class='ocrx_word' id='word_1_129' title='bbox 286 1109 406 1142; x_wconf 84' lang='lat' dir='ltr'>vulnus</span> <span class='ocrx_word' id='word_1_130' title='bbox 424 1108 542 1140; x_wconf 82' lang='lat' dir='ltr'>lethale</span> <span class='ocrx_word' id='word_1_131' title='bbox 563 1109 603 1139; x_wconf 94' lang='lat' dir='ltr'>sit</span> <span class='ocrx_word' id='word_1_132' title='bbox 622 1109 826 1148; x_wconf 86' lang='lat' dir='ltr'>habendum,</span> <span class='ocrx_word' id='word_1_133' title='bbox 852 1121 891 1140; x_wconf 86' lang='lat' dir='ltr'>ex</span> <span class='ocrx_word' id='word_1_134' title='bbox 913 1121 950 1141; x_wconf 86' lang='lat' dir='ltr'>eo</span> <span class='ocrx_word' id='word_1_135' title='bbox 971 1110 1057 1152; x_wconf 84' lang='lat' dir='ltr'>quod</span> <span class='ocrx_word' id='word_1_136' title='bbox 1079 1116 1214 1141; x_wconf 89' lang='lat' dir='ltr'>mortem</span> <span class='ocrx_word' id='word_1_137' title='bbox 1237 1116 1363 1152; x_wconf 86' lang='lat' dir='ltr'>patrare</span> <span class='ocrx_word' id='word_1_138' title='bbox 1382 1115 1499 1152; x_wconf 85' lang='lat' dir='ltr'>potest,</span> <span class='ocrx_word' id='word_1_139' title='bbox 1522 1115 1630 1140; x_wconf 86' lang='lat' dir='ltr'>tamen</span> 
     </span>
     <span class='ocr_line' id='line_1_16' title="bbox 285 1163 1631 1203; baseline 0 -9"><span class='ocrx_word' id='word_1_140' title='bbox 285 1174 351 1194; x_wconf 90' lang='lat' dir='ltr'>non</span> <span class='ocrx_word' id='word_1_141' title='bbox 381 1163 421 1194; x_wconf 92' lang='lat' dir='ltr'>ad</span> <span class='ocrx_word' id='word_1_142' title='bbox 447 1163 622 1194; x_wconf 77' lang='lat' dir='ltr'>necessario</span> <span class='ocrx_word' id='word_1_143' title='bbox 650 1163 780 1194; x_wconf 82' lang='lat' dir='ltr'>lethalia</span> <span class='ocrx_word' id='word_1_144' title='bbox 805 1164 1013 1195; x_wconf 88' lang='lat' dir='ltr'>referendum</span> <span class='ocrx_word' id='word_1_145' title='bbox 1045 1170 1106 1203; x_wconf 84' lang='lat' dir='ltr'>est,</span> <span class='ocrx_word' id='word_1_146' title='bbox 1139 1176 1188 1195; x_wconf 88' lang='lat' dir='ltr'>ars</span> <span class='ocrx_word' id='word_1_147' title='bbox 1219 1164 1306 1195; x_wconf 87' lang='lat' dir='ltr'>enim</span> <span class='ocrx_word' id='word_1_148' title='bbox 1335 1163 1524 1194; x_wconf 79' lang='lat' dir='ltr'>medicatrix</span> <span class='ocrx_word' id='word_1_149' title='bbox 1553 1163 1631 1194; x_wconf 90' lang='lat' dir='ltr'>huic</span> 
     </span>
     <span class='ocr_line' id='line_1_17' title="bbox 285 1216 1632 1260; baseline 0 -13"><span class='ocrx_word' id='word_1_150' title='bbox 285 1216 408 1248; x_wconf 84' lang='lat' dir='ltr'>mederi</span> <span class='ocrx_word' id='word_1_151' title='bbox 430 1216 530 1256; x_wconf 72' lang='lat' dir='ltr'>valet,</span> <span class='ocrx_word' id='word_1_152' title='bbox 554 1223 602 1255; x_wconf 88' lang='lat' dir='ltr'>et,</span> <span class='ocrx_word' id='word_1_153' title='bbox 624 1216 649 1246; x_wconf 86' lang='lat' dir='ltr'>si</span> <span class='ocrx_word' id='word_1_154' title='bbox 671 1216 723 1248; x_wconf 90' lang='lat' dir='ltr'>vel</span> <span class='ocrx_word' id='word_1_155' title='bbox 740 1217 872 1259; x_wconf 85' lang='lat' dir='ltr'>quidem</span> <span class='ocrx_word' id='word_1_156' title='bbox 891 1217 1008 1248; x_wconf 87' lang='lat' dir='ltr'>humor</span> <span class='ocrx_word' id='word_1_157' title='bbox 1023 1218 1077 1248; x_wconf 88' lang='lat' dir='ltr'>ille</span> <span class='ocrx_word' id='word_1_158' title='bbox 1095 1217 1199 1249; x_wconf 85' lang='lat' dir='ltr'>vitalis</span> <span class='ocrx_word' id='word_1_159' title='bbox 1221 1223 1438 1249; x_wconf 79' lang='lat' dir='ltr'>extravasatus</span> <span class='ocrx_word' id='word_1_160' title='bbox 1454 1218 1486 1248; x_wconf 93' lang='lat' dir='ltr'>in</span> <span class='ocrx_word' id='word_1_161' title='bbox 1502 1222 1632 1260; x_wconf 86' lang='lat' dir='ltr'>pectore</span> 
     </span>
     <span class='ocr_line' id='line_1_18' title="bbox 286 1269 1632 1314; baseline -0.001 -12"><span class='ocrx_word' id='word_1_162' title='bbox 286 1271 416 1302; x_wconf 87' lang='lat' dir='ltr'>omnino</span> <span class='ocrx_word' id='word_1_163' title='bbox 438 1270 660 1313; x_wconf 84' lang='lat' dir='ltr'>colligeretur,</span> <span class='ocrx_word' id='word_1_164' title='bbox 682 1269 790 1301; x_wconf 81' lang='lat' dir='ltr'>adhuc</span> <span class='ocrx_word' id='word_1_165' title='bbox 809 1276 888 1301; x_wconf 87' lang='lat' dir='ltr'>tunc</span> <span class='ocrx_word' id='word_1_166' title='bbox 908 1271 1051 1302; x_wconf 80' lang='lat' dir='ltr'>existunt</span> <span class='ocrx_word' id='word_1_167' title='bbox 1071 1270 1174 1302; x_wconf 85' lang='lat' dir='ltr'>media</span> <span class='ocrx_word' id='word_1_168' title='bbox 1196 1270 1314 1314; x_wconf 88' lang='lat' dir='ltr'>quibus</span> <span class='ocrx_word' id='word_1_169' title='bbox 1334 1282 1417 1302; x_wconf 88' lang='lat' dir='ltr'>mors</span> <span class='ocrx_word' id='word_1_170' title='bbox 1436 1270 1489 1302; x_wconf 87' lang='lat' dir='ltr'>vel</span> <span class='ocrx_word' id='word_1_171' title='bbox 1507 1282 1632 1301; x_wconf 88' lang='lat' dir='ltr'>nocuus</span> 
     </span>
     <span class='ocr_line' id='line_1_19' title="bbox 287 1324 1631 1368; baseline -0.001 -12"><span class='ocrx_word' id='word_1_172' title='bbox 287 1325 421 1356; x_wconf 82' lang='lat' dir='ltr'>effectus</span> <span class='ocrx_word' id='word_1_173' title='bbox 445 1325 610 1367; x_wconf 85' lang='lat' dir='ltr'>sanguinis</span> <span class='ocrx_word' id='word_1_174' title='bbox 631 1324 845 1367; x_wconf 88' lang='lat' dir='ltr'>putrescentis</span> <span class='ocrx_word' id='word_1_175' title='bbox 866 1325 967 1357; x_wconf 88' lang='lat' dir='ltr'>averti</span> <span class='ocrx_word' id='word_1_176' title='bbox 990 1324 1102 1357; x_wconf 85' lang='lat' dir='ltr'>valeat.</span> <span class='ocrx_word' id='word_1_177' title='bbox 1126 1324 1189 1356; x_wconf 88' lang='lat' dir='ltr'>Has</span> <span class='ocrx_word' id='word_1_178' title='bbox 1209 1335 1321 1356; x_wconf 88' lang='lat' dir='ltr'>omnes</span> <span class='ocrx_word' id='word_1_179' title='bbox 1342 1324 1527 1368; x_wconf 87' lang='lat' dir='ltr'>singulatim</span> <span class='ocrx_word' id='word_1_180' title='bbox 1552 1335 1631 1355; x_wconf 89' lang='lat' dir='ltr'>con—</span> 
     </span>
     <span class='ocr_line' id='line_1_20' title="bbox 285 1377 1631 1422; baseline -0.001 -12"><span class='ocrx_word' id='word_1_181' title='bbox 285 1379 495 1411; x_wconf 87' lang='lat' dir='ltr'>siderabimus</span> <span class='ocrx_word' id='word_1_182' title='bbox 523 1379 698 1411; x_wconf 85' lang='lat' dir='ltr'>vulnerum</span> <span class='ocrx_word' id='word_1_183' title='bbox 723 1380 914 1410; x_wconf 85' lang='lat' dir='ltr'>arteriarum</span> <span class='ocrx_word' id='word_1_184' title='bbox 945 1378 1061 1410; x_wconf 88' lang='lat' dir='ltr'>harum</span> <span class='ocrx_word' id='word_1_185' title='bbox 1088 1378 1366 1422; x_wconf 87' lang='lat' dir='ltr'>complicationes,</span> <span class='ocrx_word' id='word_1_186' title='bbox 1394 1384 1427 1409; x_wconf 91' lang='lat' dir='ltr'>et</span> <span class='ocrx_word' id='word_1_187' title='bbox 1454 1377 1585 1420; x_wconf 88' lang='lat' dir='ltr'>quidem</span> <span class='ocrx_word' id='word_1_188' title='bbox 1613 1390 1631 1409; x_wconf 86' lang='lat' dir='ltr'>a</span> 
     </span>
     <span class='ocr_line' id='line_1_21' title="bbox 286 1431 1631 1476; baseline -0.002 -12"><span class='ocrx_word' id='word_1_189' title='bbox 286 1433 472 1476; x_wconf 87' lang='lat' dir='ltr'>simpliciori</span> <span class='ocrx_word' id='word_1_190' title='bbox 493 1433 670 1472; x_wconf 79' lang='lat' dir='ltr'>ordientes,</span> <span class='ocrx_word' id='word_1_191' title='bbox 690 1433 928 1476; x_wconf 85' lang='lat' dir='ltr'>perpendemus</span> <span class='ocrx_word' id='word_1_192' title='bbox 949 1432 1018 1463; x_wconf 87' lang='lat' dir='ltr'>illas</span> <span class='ocrx_word' id='word_1_193' title='bbox 1038 1433 1179 1464; x_wconf 80' lang='lat' dir='ltr'>laesiones</span> <span class='ocrx_word' id='word_1_194' title='bbox 1195 1431 1448 1463; x_wconf 85' lang='lat' dir='ltr'>intercostalium</span> <span class='ocrx_word' id='word_1_195' title='bbox 1466 1442 1631 1471; x_wconf 85' lang='lat' dir='ltr'>vasorum,</span> 
     </span>
     <span class='ocr_line' id='line_1_22' title="bbox 287 1485 1633 1531; baseline -0.002 -13"><span class='ocrx_word' id='word_1_196' title='bbox 287 1499 304 1519; x_wconf 91' lang='lat' dir='ltr'>e</span> <span class='ocrx_word' id='word_1_197' title='bbox 325 1487 442 1531; x_wconf 89' lang='lat' dir='ltr'>quibus</span> <span class='ocrx_word' id='word_1_198' title='bbox 460 1487 589 1530; x_wconf 79' lang='lat' dir='ltr'>sanguis</span> <span class='ocrx_word' id='word_1_199' title='bbox 609 1498 674 1518; x_wconf 90' lang='lat' dir='ltr'>non</span> <span class='ocrx_word' id='word_1_200' title='bbox 696 1488 783 1519; x_wconf 88' lang='lat' dir='ltr'>intus</span> <span class='ocrx_word' id='word_1_201' title='bbox 800 1487 853 1518; x_wconf 87' lang='lat' dir='ltr'>sed</span> <span class='ocrx_word' id='word_1_202' title='bbox 870 1493 962 1519; x_wconf 75' lang='lat' dir='ltr'>extus</span> <span class='ocrx_word' id='word_1_203' title='bbox 981 1487 1157 1518; x_wconf 86' lang='lat' dir='ltr'>delabitur:</span> <span class='ocrx_word' id='word_1_204' title='bbox 1181 1485 1241 1518; x_wconf 90' lang='lat' dir='ltr'>sub</span> <span class='ocrx_word' id='word_1_205' title='bbox 1256 1486 1305 1516; x_wconf 89' lang='lat' dir='ltr'>his</span> <span class='ocrx_word' id='word_1_206' title='bbox 1326 1485 1633 1516; x_wconf 83' lang='lat' dir='ltr'>considerationibus</span> 
     </span>
     <span class='ocr_line' id='line_1_23' title="bbox 287 1538 1634 1584; baseline -0.001 -12"><span class='ocrx_word' id='word_1_207' title='bbox 287 1542 312 1572; x_wconf 89' lang='lat' dir='ltr'>si</span> <span class='ocrx_word' id='word_1_208' title='bbox 334 1542 430 1573; x_wconf 89' lang='lat' dir='ltr'>unica</span> <span class='ocrx_word' id='word_1_209' title='bbox 453 1542 568 1573; x_wconf 85' lang='lat' dir='ltr'>arteria</span> <span class='ocrx_word' id='word_1_210' title='bbox 590 1541 799 1572; x_wconf 87' lang='lat' dir='ltr'>intercostalis</span> <span class='ocrx_word' id='word_1_211' title='bbox 823 1541 937 1584; x_wconf 86' lang='lat' dir='ltr'>procul</span> <span class='ocrx_word' id='word_1_212' title='bbox 958 1553 974 1572; x_wconf 90' lang='lat' dir='ltr'>a</span> <span class='ocrx_word' id='word_1_213' title='bbox 996 1541 1145 1572; x_wconf 66' lang='lat' dir='ltr'>columna</span> <span class='ocrx_word' id='word_1_214' title='bbox 1168 1539 1338 1572; x_wconf 69' lang='lat' dir='ltr'>vertebrali</span> <span class='ocrx_word' id='word_1_215' title='bbox 1361 1539 1506 1579; x_wconf 84' lang='lat' dir='ltr'>laeditur,</span> <span class='ocrx_word' id='word_1_216' title='bbox 1527 1538 1634 1570; x_wconf 82' lang='lat' dir='ltr'>letha-</span> 
     </span>
     <span class='ocr_line' id='line_1_24' title="bbox 286 1593 1632 1638; baseline -0.001 -12"><span class='ocrx_word' id='word_1_217' title='bbox 286 1595 357 1626; x_wconf 86' lang='lat' dir='ltr'>litas</span> <span class='ocrx_word' id='word_1_218' title='bbox 376 1595 492 1626; x_wconf 82' lang='lat' dir='ltr'>exinde</span> <span class='ocrx_word' id='word_1_219' title='bbox 513 1595 647 1626; x_wconf 87' lang='lat' dir='ltr'>oriunda</span> <span class='ocrx_word' id='word_1_220' title='bbox 670 1595 758 1626; x_wconf 90' lang='lat' dir='ltr'>haud</span> <span class='ocrx_word' id='word_1_221' title='bbox 780 1607 894 1638; x_wconf 84' lang='lat' dir='ltr'>magna</span> <span class='ocrx_word' id='word_1_222' title='bbox 916 1601 978 1635; x_wconf 90' lang='lat' dir='ltr'>est,</span> <span class='ocrx_word' id='word_1_223' title='bbox 1000 1597 1121 1638; x_wconf 86' lang='lat' dir='ltr'>quippe</span> <span class='ocrx_word' id='word_1_224' title='bbox 1142 1595 1217 1638; x_wconf 86' lang='lat' dir='ltr'>quia</span> <span class='ocrx_word' id='word_1_225' title='bbox 1238 1600 1316 1626; x_wconf 84' lang='lat' dir='ltr'>tunc</span> <span class='ocrx_word' id='word_1_226' title='bbox 1337 1593 1385 1636; x_wconf 84' lang='grc'>(3)</span> <span class='ocrx_word' id='word_1_227' title='bbox 1402 1593 1452 1626; x_wconf 89' lang='lat' dir='ltr'>vel</span> <span class='ocrx_word' id='word_1_228' title='bbox 1468 1604 1632 1636; x_wconf 83' lang='lat' dir='ltr'>compres—</span> 
     </span>
     <span class='ocr_line' id='line_1_25' title="bbox 287 1647 1631 1692; baseline -0.002 -12"><span class='ocrx_word' id='word_1_229' title='bbox 287 1649 375 1680; x_wconf 88' lang='lat' dir='ltr'>sione</span> <span class='ocrx_word' id='word_1_230' title='bbox 412 1649 463 1680; x_wconf 88' lang='lat' dir='ltr'>vel</span> <span class='ocrx_word' id='word_1_231' title='bbox 490 1648 587 1680; x_wconf 83' lang='lat' dir='ltr'>solius</span> <span class='ocrx_word' id='word_1_232' title='bbox 613 1654 738 1681; x_wconf 83' lang='lat' dir='ltr'>naturae</span> <span class='ocrx_word' id='word_1_233' title='bbox 764 1660 824 1692; x_wconf 90' lang='lat' dir='ltr'>ope</span> <span class='ocrx_word' id='word_1_234' title='bbox 853 1648 996 1680; x_wconf 88' lang='lat' dir='ltr'>vulneris</span> <span class='ocrx_word' id='word_1_235' title='bbox 1022 1649 1178 1680; x_wconf 78' lang='lat' dir='ltr'>orificium</span> <span class='ocrx_word' id='word_1_236' title='bbox 1205 1647 1413 1687; x_wconf 53' lang='lat' dir='ltr'>obliteratum</span> <span class='ocrx_word' id='word_1_237' title='bbox 1445 1647 1498 1677; x_wconf 88' lang='lat' dir='ltr'>hic</span> <span class='ocrx_word' id='word_1_238' title='bbox 1523 1653 1631 1678; x_wconf 86' lang='lat' dir='ltr'>tamen</span> 
     </span>
     <span class='ocr_line' id='line_1_26' title="bbox 287 1700 1632 1747; baseline -0.002 -13"><span class='ocrx_word' id='word_1_239' title='bbox 287 1702 466 1734; x_wconf 74' lang='lat' dir='ltr'>notandum</span> <span class='ocrx_word' id='word_1_240' title='bbox 488 1703 576 1735; x_wconf 83' lang='lat' dir='ltr'>venit</span> <span class='ocrx_word' id='word_1_241' title='bbox 594 1703 657 1745; x_wconf 68' lang='lat'>(4),</span> <span class='ocrx_word' id='word_1_242' title='bbox 676 1714 714 1734; x_wconf 89' lang='lat' dir='ltr'>eo</span> <span class='ocrx_word' id='word_1_243' title='bbox 735 1703 836 1747; x_wconf 86' lang='lat' dir='ltr'>majus</span> <span class='ocrx_word' id='word_1_244' title='bbox 853 1703 1006 1734; x_wconf 84' lang='lat' dir='ltr'>damnum</span> <span class='ocrx_word' id='word_1_245' title='bbox 1028 1703 1202 1745; x_wconf 85' lang='lat' dir='ltr'>mortisque</span> <span class='ocrx_word' id='word_1_246' title='bbox 1224 1701 1405 1744; x_wconf 87' lang='lat' dir='ltr'>periculum</span> <span class='ocrx_word' id='word_1_247' title='bbox 1423 1700 1547 1740; x_wconf 83' lang='lat' dir='ltr'>adesse,</span> <span class='ocrx_word' id='word_1_248' title='bbox 1567 1712 1632 1743; x_wconf 92' lang='lat' dir='ltr'>quo</span> 
     </span>
     <span class='ocr_line' id='line_1_27' title="bbox 288 1754 1633 1799; baseline -0.001 -12"><span class='ocrx_word' id='word_1_249' title='bbox 288 1757 385 1788; x_wconf 88' lang='lat' dir='ltr'>sectio</span> <span class='ocrx_word' id='word_1_250' title='bbox 406 1757 529 1788; x_wconf 80' lang='lat' dir='ltr'>arteriae</span> <span class='ocrx_word' id='word_1_251' title='bbox 546 1757 645 1799; x_wconf 83' lang='lat' dir='ltr'>magis</span> <span class='ocrx_word' id='word_1_252' title='bbox 665 1756 704 1788; x_wconf 86' lang='lat' dir='ltr'>ad</span> <span class='ocrx_word' id='word_1_253' title='bbox 726 1756 909 1788; x_wconf 86' lang='lat' dir='ltr'>columnam</span> <span class='ocrx_word' id='word_1_254' title='bbox 929 1756 1138 1789; x_wconf 84' lang='lat' dir='ltr'>vertcbralem</span> <span class='ocrx_word' id='word_1_255' title='bbox 1156 1756 1303 1795; x_wconf 81' lang='lat' dir='ltr'>accedat,</span> <span class='ocrx_word' id='word_1_256' title='bbox 1321 1761 1400 1786; x_wconf 78' lang='lat' dir='ltr'>tunc</span> <span class='ocrx_word' id='word_1_257' title='bbox 1416 1755 1502 1785; x_wconf 85' lang='lat' dir='ltr'>enim</span> <span class='ocrx_word' id='word_1_258' title='bbox 1521 1754 1633 1798; x_wconf 83' lang='lat' dir='ltr'>majori</span> 
     </span>
     <span class='ocr_line' id='line_1_28' title="bbox 290 1808 1633 1854; baseline -0.001 -13"><span class='ocrx_word' id='word_1_259' title='bbox 290 1811 441 1842; x_wconf 64' lang='lat' dir='ltr'>violentia</span> <span class='ocrx_word' id='word_1_260' title='bbox 460 1810 588 1853; x_wconf 81' lang='lat' dir='ltr'>sanguis</span> <span class='ocrx_word' id='word_1_261' title='bbox 611 1810 818 1854; x_wconf 86' lang='lat' dir='ltr'>propellitur,</span> <span class='ocrx_word' id='word_1_262' title='bbox 842 1817 874 1842; x_wconf 87' lang='lat' dir='ltr'>et</span> <span class='ocrx_word' id='word_1_263' title='bbox 892 1811 961 1842; x_wconf 84' lang='lat' dir='ltr'>fere</span> <span class='ocrx_word' id='word_1_264' title='bbox 977 1822 1102 1854; x_wconf 80' lang='lat' dir='ltr'>semper</span> <span class='ocrx_word' id='word_1_265' title='bbox 1118 1812 1151 1842; x_wconf 84' lang='lat' dir='ltr'>in</span> <span class='ocrx_word' id='word_1_266' title='bbox 1166 1810 1310 1841; x_wconf 83' lang='lat' dir='ltr'>Thorace</span> <span class='ocrx_word' id='word_1_267' title='bbox 1336 1808 1453 1852; x_wconf 77' lang='lat' dir='ltr'>gliscit3</span> <span class='ocrx_word' id='word_1_268' title='bbox 1478 1814 1633 1852; x_wconf 86' lang='lat' dir='ltr'>praeterea</span> 
     </span>
     <span class='ocr_line' id='line_1_29' title="bbox 290 1853 1632 1909; baseline -0.002 -13"><span class='ocrx_word' id='word_1_269' title='bbox 290 1866 315 1896; x_wconf 89' lang='lat' dir='ltr'>si</span> <span class='ocrx_word' id='word_1_270' title='bbox 343 1865 488 1909; x_wconf 77' lang='lat' dir='ltr'>proxime</span> <span class='ocrx_word' id='word_1_271' title='bbox 512 1864 670 1896; x_wconf 60' lang='lat' dir='ltr'>columnae:</span> <span class='ocrx_word' id='word_1_272' title='bbox 695 1866 734 1896; x_wconf 88' lang='lat' dir='ltr'>sit</span> <span class='ocrx_word' id='word_1_273' title='bbox 756 1865 865 1906; x_wconf 83' lang='lat' dir='ltr'>laesio,</span> <span class='ocrx_word' id='word_1_274' title='bbox 900 1865 1057 1897; x_wconf 70' lang='lat' dir='ltr'>medentis</span> <span class='ocrx_word' id='word_1_275' title='bbox 1088 1876 1219 1896; x_wconf 86' lang='lat' dir='ltr'>manum</span> <span class='ocrx_word' id='word_1_276' title='bbox 1249 1864 1302 1896; x_wconf 83' lang='lat' dir='ltr'>vix</span> <span class='ocrx_word' id='word_1_277' title='bbox 1328 1863 1485 1902; x_wconf 78' lang='lat' dir='ltr'>admittit3</span> <span class='ocrx_word' id='word_1_278' title='bbox 1501 1853 1632 1906; x_wconf 41' lang='lat' dir='ltr'>*quodsi</span> 
     </span>
    </p>
   </div>
   <div class='ocr_carea' id='block_1_4' title="bbox 350 1978 997 2131">
    <p class='ocr_par' dir='ltr' id='par_1_5' title="bbox 353 1978 958 2049">
     <span class='ocr_line' id='line_1_30' title="bbox 353 1978 958 2010; baseline 0 -8"><span class='ocrx_word' id='word_1_279' title='bbox 353 1979 386 2008; x_wconf 92' lang='grc' dir='ltr'>(ι)</span> <span class='ocrx_word' id='word_1_280' title='bbox 405 1979 509 2007; x_wconf 72' lang='lat' dir='ltr'>Mallon,</span> <span class='ocrx_word' id='word_1_281' title='bbox 528 1978 594 2001; x_wconf 78' lang='lat' dir='ltr'>me&#39;d.</span> <span class='ocrx_word' id='word_1_282' title='bbox 613 1978 676 2009; x_wconf 67' lang='lat' dir='ltr'>le&#39;g⁸7</span> <span class='ocrx_word' id='word_1_283' title='bbox 699 1983 760 2001; x_wconf 85' lang='lat' dir='ltr'>tom.</span> <span class='ocrx_word' id='word_1_284' title='bbox 782 1980 818 2001; x_wconf 90' lang='grc' dir='ltr'>ΙΙ.</span> <span class='ocrx_word' id='word_1_285' title='bbox 839 1986 896 2010; x_wconf 82' lang='lat' dir='ltr'>pag.</span> <span class='ocrx_word' id='word_1_286' title='bbox 918 1987 958 2009; x_wconf 79' lang='lat'>97.</span> 
     </span>
     <span class='ocr_line' id='line_1_31' title="bbox 353 2019 705 2049; baseline -0.003 -7"><span class='ocrx_word' id='word_1_287' title='bbox 353 2021 385 2049; x_wconf 83' lang='lat'>(2)</span> <span class='ocrx_word' id='word_1_288' title='bbox 404 2019 485 2047; x_wconf 80' lang='lat' dir='ltr'>lbid.,</span> <span class='ocrx_word' id='word_1_289' title='bbox 642 2019 705 2041; x_wconf 88' lang='lat' dir='ltr'>ibid.</span> 
     </span>
    </p>

    <p class='ocr_par' dir='ltr' id='par_1_6' title="bbox 350 2059 997 2131">
     <span class='ocr_line' id='line_1_32' title="bbox 352 2059 997 2091; baseline 0.002 -9"><span class='ocrx_word' id='word_1_290' title='bbox 352 2060 384 2090; x_wconf 73' lang='grc' dir='ltr'>(ὅ)</span> <span class='ocrx_word' id='word_1_291' title='bbox 401 2061 492 2090; x_wconf 85' lang='lat' dir='ltr'>Boyer,</span> <span class='ocrx_word' id='word_1_292' title='bbox 511 2059 531 2082; x_wconf 95' lang='lat' dir='ltr'>l.</span> <span class='ocrx_word' id='word_1_293' title='bbox 550 2059 586 2088; x_wconf 82' lang='grc'>1.,</span> <span class='ocrx_word' id='word_1_294' title='bbox 607 2063 667 2082; x_wconf 83' lang='lat' dir='ltr'>tom.</span> <span class='ocrx_word' id='word_1_295' title='bbox 687 2059 748 2083; x_wconf 83' lang='lat' dir='ltr'>VH.</span> <span class='ocrx_word' id='word_1_296' title='bbox 769 2067 827 2091; x_wconf 80' lang='lat' dir='ltr'>pag.</span> <span class='ocrx_word' id='word_1_297' title='bbox 844 2060 899 2090; x_wconf 81' lang='lat'>289,</span> <span class='ocrx_word' id='word_1_298' title='bbox 917 2060 997 2083; x_wconf 68' lang='lat' dir='ltr'>Paris.</span> 
     </span>
     <span class='ocr_line' id='line_1_33' title="bbox 350 2100 946 2131; baseline 0 -8"><span class='ocrx_word' id='word_1_299' title='bbox 350 2102 383 2131; x_wconf 88' lang='lat'>(4)</span> <span class='ocrx_word' id='word_1_300' title='bbox 400 2101 468 2124; x_wconf 63' lang='lat' dir='ltr'>Dici,</span> <span class='ocrx_word' id='word_1_301' title='bbox 488 2100 528 2123; x_wconf 85' lang='lat' dir='ltr'>des</span> <span class='ocrx_word' id='word_1_302' title='bbox 543 2100 645 2123; x_wconf 80' lang='lat' dir='ltr'>scieuces</span> <span class='ocrx_word' id='word_1_303' title='bbox 661 2100 727 2123; x_wconf 61' lang='lat' dir='ltr'>med.</span> <span class='ocrx_word' id='word_1_304' title='bbox 738 2118 744 2130; x_wconf 83' lang='lat'>,</span> <span class='ocrx_word' id='word_1_305' title='bbox 763 2105 812 2123; x_wconf 78' lang='lat' dir='ltr'>art.</span> <span class='ocrx_word' id='word_1_306' title='bbox 833 2100 946 2123; x_wconf 82' lang='lat' dir='ltr'>blessure.</span> 
     </span>
    </p>
   </div>
  </div>
 </body>
</html>
