1747 2620
887 239 1003 282 (60)

280 326 343 351 est:
367 318 535 350 commotio
558 318 664 349 haecce
689 317 791 347 oritur
814 314 865 347 vel
884 314 975 357 lapsu
1002 315 1034 345 in
1057 314 1163 351 don-50,
1189 313 1223 344 in
1245 312 1393 344 cruribus
1417 312 1612 356 pedibusve,

279 373 331 406 vel
349 374 416 404 ictu
436 373 469 403 in
489 372 614 404 caulem
633 371 817 403 rachiticam
837 369 1011 412 applicatog
1029 379 1131 410 eoque
1152 368 1220 399 haec
1235 368 1336 412 major
1354 374 1415 408 est,
1437 380 1501 410 quo
1518 379 1611 399 causa

279 428 380 459 fuerit
400 426 567 459 violentior
584 425 647 467 (1),
671 425 765 456 variae
786 423 902 454 exinde
917 428 1055 464 surgunt
1070 422 1224 453 laesioncs:
1249 422 1299 454 vel
1319 434 1401 462 una,
1424 422 1524 454 aliave
1543 433 1614 453 me-

279 481 376 513 dullae
397 479 580 512 membrana
602 479 782 520 rumpitur,
808 476 859 509 vel
875 488 984 507 omnes
1005 477 1099 508 simul
1121 477 1319 516 lacerantur,
1342 483 1420 508 tunc
1439 476 1613 508 substantia

280 536 346 578 ipsa
373 533 536 572 medullae,
556 533 677 564 herniae
694 531 849 570 adinstar,
870 542 908 561 ex
928 542 1074 561 concesso
1091 530 1210 561 orificio
1227 531 1404 573 prominet,
1422 530 1472 561 vel
1487 531 1616 573 sanguis

280 595 368 620 extra
391 599 463 618 vasa
480 598 536 618 sua
563 585 694 629 profluit
720 591 752 616 et
774 586 858 616 inter
879 584 1078 616 membranas
1104 585 1265 628 colligitur
1290 592 1321 617 et
1341 591 1484 628 stagnat3
1514 585 1566 617 vel
1591 585 1616 616 si

282 642 426 672 fortiores
447 646 523 672 sunt
546 640 788 678 commotiones,
814 638 988 670 substantia
1012 640 1139 681 propria
1161 639 1311 671 medullae
1333 640 1486 670 alteratur
1507 645 1540 670 et
1560 639 1617 669 ab·-

281 694 449 733 normalis,
472 693 613 733 mollior,
636 693 764 724 ssuidior
784 699 816 723 et
833 693 932 735 grisea
954 694 1084 723 omnino
1099 693 1163 724 fiet.
1185 693 1232 724 Sit
1251 694 1420 724 commotio
1437 693 1559 724 nullam
1576 703 1615 723 ex

281 748 440 793 praedictis
460 747 689 780 mutationibus
710 747 876 790 produxit,
892 752 1101 791 symptomata
1120 758 1202 790 saepe
1217 748 1333 778 sensim
1354 747 1536 789 sensimque
1551 746 1617 777 dis-

282 809 397 847 parent
412 809 443 834 et
459 809 588 834 sanatur
608 808 779 845 aegrotans,
800 801 916 832 exinde
934 807 1078 832 auctores
1097 801 1227 844 quidam
1243 801 1428 832 conclusere
1443 801 1505 843 (2):
1529 812 1618 832 com-

283 858 438 889 motiones
459 868 523 887 non
544 856 622 887 adeo
643 862 729 887 certe
748 867 784 886 ac
806 856 1053 897 compressiones
1075 861 1208 886 mortem
1232 855 1420 898 producere.
1446 855 1488 885 At
1512 855 1618 885 enim-

283 922 374 951 vero,
396 911 421 941 si
442 921 481 941 ex
502 909 658 941 commota}
680 909 822 940 medulla
843 910 945 940 oritur
960 909 1128 940 manifesta
1148 909 1301 941 ulceratio
1319 910 1351 940 in
1371 909 1440 953 ejus
1456 915 1547 952 parte
1562 920 1619 940 su·-

285 966 419 1009 periori,
441 976 524 996 mors
543 976 626 1007 poue
644 964 807 1007 sequitur,
830 965 879 995 siu
898 964 1019 996 veroin
1040 969 1130 1006 parte
1149 963 1248 1005 ipsius
1269 963 1414 994 inferiori
1432 963 1621 994 commotio-

286 1020 335 1050 nis
351 1018 439 1050 sedes
455 1018 602 1058 obvenit,
622 1019 686 1050 vita
704 1024 806 1061 potest
820 1030 878 1061 per
893 1018 1015 1061 aliquot
1030 1017 1202 1061 aliquando
1218 1028 1342 1049 menses
1357 1017 1546 1048 continuare
1559 1016 1621 1058 (3),

287 1079 428 1104 attamen
444 1072 559 1103 sensim
575 1071 796 1114 paulatimque
811 1071 1058 1103 sufflaminatur:
1079 1083 1096 1103 e
1108 1072 1218 1104 multis
1234 1073 1321 1103 enim
1333 1070 1621 1110 observationibus,

288 1126 328 1158 ab
347 1126 482 1158 Ollivier
501 1125 540 1156 de
561 1125 712 1156 medullae
732 1124 997 1157 commotionibus
1012 1126 1239 1169 insignioribus
1257 1126 1364 1157 relatis
1380 1126 1441 1168 (4),
1463 1126 1514 1157 vix
1533 1137 1623 1168 quae-

289 1179 361 1212 dam
383 1180 549 1211 rarissimae
568 1185 659 1218 sunt,
680 1190 753 1221 quae
770 1180 966 1210 sanationem
990 1179 1102 1210 talium
1122 1179 1326 1210 affectionum
1344 1180 1488 1222 praebent
1501 1204 1508 1218 ,
1526 1185 1558 1210 et
1573 1179 1623 1210 hae

289 1234 435 1277 quidem,
459 1244 525 1263 non
554 1244 612 1275 pro
638 1232 774 1275 reguliS‚
802 1232 857 1263 sed
878 1244 936 1274 pro
959 1232 1145 1275 regularum
1169 1234 1274 1275 potius
1302 1232 1545 1276 exceptionibus
1568 1244 1625 1263 su—

288 1287 413 1319 mendae
433 1292 519 1318 sunt.

333 1342 381 1371 Ex
403 1339 552 1371 omnibus
570 1339 610 1370 de
629 1338 770 1370 medulla
789 1350 886 1381 supra
907 1338 1023 1378 citatis,
1042 1339 1087 1369 sic
1106 1338 1238 1370 demum
1257 1338 1450 1371 concludere
1464 1338 1554 1370 licet:
1571 1339 1624 1370 vix

289 1400 393 1438 potest
413 1393 562 1425 columna
583 1392 768 1425 vertebralis
787 1392 859 1423 laedi
879 1392 960 1435 quin
976 1392 1073 1423 simul
1091 1392 1247 1425 afficiatur
1261 1393 1331 1437 ejus
1350 1393 1508 1432 medulla,
1531 1404 1626 1424 cum-

291 1459 355 1492 que
375 1448 444 1479 haec
464 1448 548 1478 inter
569 1446 762 1478 nobilissima
784 1446 881 1477 totius
905 1446 1076 1488 organismi
1107 1459 1224 1490 organa
1254 1447 1452 1478 numeranda
1478 1448 1535 1487 sit,
1558 1447 1627 1478 fere

291 1514 433 1545 semper,
462 1501 516 1533 ill&
539 1501 631 1541 laesa,
652 1500 826 1532 utilissimas¹
856 1500 1037 1531 functiones
1060 1501 1345 1544 interrumpuntur
1373 1501 1628 1532 destruuntur-ve

291 1563 324 1588 et
346 1556 410 1587 vita
429 1555 468 1586 ad
490 1555 626 1586 exitium
652 1555 733 1595 ruit,
755 1554 947 1596 lethumque
969 1565 1006 1585 eo
1034 1556 1152 1586 certius
1179 1566 1282 1598 eoque
1301 1556 1481 1598 promptius
1499 1556 1625 1594 evenit,

292 1622 356 1654 quo
375 1611 474 1652 magis
492 1610 530 1641 ad
547 1610 746 1652 superiorem
769 1609 926 1640 columnae
947 1615 1069 1652 partem
1091 1608 1212 1640 inflicta
1232 1609 1326 1640 suere
1350 1608 1503 1649 vulnera3
1529 1608 1629 1653 hujus

292 1664 391 1706 igitur
415 1663 564 1694 medullae
595 1663 738 1695 laesiones
762 1673 888 1706 semper
915 1674 972 1706 per
997 1675 1029 1696 se
1056 1664 1205 1704 lethales,
1235 1663 1430 1707 plerumque
1455 1669 1488 1695 et
1512 1664 1630 1707 saepius

293 1717 435 1750 absolute
456 1717 629 1749 mortiserae
650 1717 848 1750 declarandae
869 1724 956 1750 sunt.

354 1832 397 1860 (ι)
415 1831 534 1860 Ollivier,
553 1831 599 1854 lib.
619 1831 705 1860 laud,⁷
726 1836 787 1854 tom.
806 1833 828 1854 1.
850 1839 906 1863 pag.
927 1833 982 1862 409.

355 1873 399 1900 (2)
431 1871 497 1899 thid,
578 1871 659 1899 idem,
725 1876 786 1894 tom.
809 1873 831 1895 1.
851 1880 908 1904 pag.
930 1873 984 1894 441.

356 1912 400 1942 (5)
432 1911 499 1939 lbid,
579 1911 659 1940 idem,
724 1916 784 1935 tom.
808 1913 830 1935 1.
849 1920 906 1943 pag.
929 1913 985 1935 443.

358 1953 402 1982 (4)
433 1952 504 1981 Ibid,
524 1951 637 1976 videatur
654 1956 727 1983 caput
744 1952 773 1975 de
790 1952 1008 1982 commotionibus,
1031 1957 1091 1976 tom.
1115 1954 1139 1975 1.
