1747 2620
878 271 992 315 (34)

274 357 437 378 summum
464 346 585 378 malum
611 358 704 377 mors.
728 346 803 377 Vita
824 347 910 377 enim
934 346 1097 387 omnium,
1121 357 1196 389 quae
1223 346 1304 378 mihi
1325 346 1511 390 contingere
1535 359 1610 391 pos-

273 401 350 440 sint,
374 400 532 432 bonorum
552 401 622 431 fons
643 407 689 432 est
708 406 740 431 et
758 400 916 440 conditi03
944 412 1027 432 mors
1048 400 1153 432 onmia
1176 401 1289 441 simul,
1312 412 1384 444 quae
1404 407 1480 432 sunt
1499 408 1531 433 et
1555 414 1610 434 ac-

274 454 387 485 cedere
407 461 554 497 possunt,
577 454 658 485 bona
678 455 711 485 in
728 460 888 485 aeternum
907 454 987 486 mihi
1006 456 1112 498 eripit.
1143 454 1268 494 Quidni
1290 455 1438 486 omnibus
1453 456 1610 487 societatis

272 509 411 541 vinculis
429 516 461 541 et
481 509 605 551 legibus
626 519 832 551 quocumque
849 508 981 545 tandem
997 509 1091 541 modo
1107 520 1158 540 me
1177 509 1327 549 liberem,
1347 509 1460 552 quidni
1480 520 1609 541 omnem

274 563 426 594 virtutem
453 569 485 593 et
514 563 686 605 pietatem,
719 562 824 593 omnia
855 561 995 604 denique
1021 562 1121 593 officia
1151 562 1314 607 abjiciam⁷
1343 563 1439 594 simul
1471 575 1507 594 ac
1536 564 1609 596 vitae

273 616 443 659 perdendae
471 615 558 646 adest
584 615 790 658 periculum?
829 615 931 646 Nemo
956 626 1130 658 umquam,
1163 623 1250 647 recte
1274 616 1355 648 dixit
1381 617 1513 657 Cicero,
1542 617 1610 648 sine

273 680 388 712 magna
409 680 464 713 spe
483 669 728 700 immortalitatis
748 680 780 700 se
801 681 859 712 pro
880 670 979 712 patria
1001 669 1130 701 offerret
1150 669 1189 701 ad
1212 677 1364 711 mortem,
1387 671 1494 702 demto
1515 683 1611 703 secu*

274 724 379 756 lorum
402 724 589 755 futurorum
611 724 763 766 augurio⁷
789 724 859 767 quis
883 729 948 755 tam
973 730 1054 755 esset
1077 735 1204 763 amens,
1231 725 1288 768 qui
1312 731 1438 768 semper
1462 726 1496 756 in
1520 725 1611 756 labo-

273 778 361 809 ribus
382 784 414 809 et
435 778 585 820 perieulis
612 778 734 810 viveret
755 778 812 821 (1).
849 778 930 817 Quae
953 778 1058 809 onmia
1079 779 1102 809 si
1125 779 1375 822 perpendimus,
1401 780 1611 812 statuendum

273 838 320 863 est
343 832 395 864 vel
416 833 512 864 vitam
534 838 604 874 post
624 832 707 862 hanc
726 843 792 863 esse
815 832 959 864 futuram
972 857 979 871 ,
1007 844 1070 876 qua
1092 832 1131 863 ad
1153 833 1307 864 moralem
1327 834 1415 865 illam
1435 834 1611 877 perfectio-

273 898 347 916 nem
368 892 399 917 et
417 886 616 917 sanctitatem
638 887 863 928 perveniamus
879 893 975 929 atque
996 898 1203 930 assequamur
1225 887 1411 919 felicitatem
1434 888 1510 920 huic
1531 900 1610 920 con-

273 952 404 982 gruam;
432 939 483 971 vel
506 939 766 971 contendendum
787 945 834 970 est
857 946 995 970 nostram
1018 940 1125 982 legum
1146 940 1222 984 justi
1248 947 1280 972 et
1297 942 1423 973 honesti
1443 943 1611 973 conscien-

273 994 349 1024 tiam
372 992 506 1036 ejusque
529 993 623 1024 effata
645 999 677 1024 et
697 999 856 1036 praecepta
881 994 963 1024 nihil
988 1004 1055 1025 esse
1081 994 1141 1024 nisi
1167 1005 1269 1025 meras
1292 1006 1394 1037 nugas
1417 1000 1449 1025 et
1474 995 1609 1025 fabulas.

272 1046 313 1077 At
342 1047 419 1078 huic
446 1047 609 1078 assertioni
633 1053 793 1089 repugnat
817 1058 928 1079 sensus
952 1047 1006 1078 ille
1030 1046 1197 1079 sublimior
1220 1054 1252 1079 et
1277 1048 1324 1081 vis
1353 1048 1482 1088 divina,
1512 1059 1610 1091 quam

273 1103 429 1132 rationem
452 1100 599 1133 dicimus.
621 1101 733 1145 Itaque
753 1102 891 1133 maxima
914 1101 989 1134 cum
1009 1101 1124 1134 fiducia
1146 1108 1270 1133 nosmet
1291 1102 1452 1134 credimus
1476 1103 1610 1134 immor-

272 1155 349 1187 tales
374 1155 432 1198 (2).

895 1252 919 1295 g
964 1253 1004 1284 Π.

361 1360 606 1381 ARGUMENTUM
641 1359 848 1381 PRACTICUM
882 1359 902 1380 Α
939 1359 1077 1381 SCHOLA
1116 1360 1257 1381 CRITICA
1300 1361 1519 1382 EXPOSITUM.

316 1456 453 1488 Kantius
471 1457 605 1501 ejusque
624 1463 792 1489 sectatores
812 1469 886 1489 cum
903 1457 942 1488 de
963 1456 1058 1489 rebus
1076 1456 1330 1500 intelligibilibus
1349 1457 1493 1500 adeoque
1512 1457 1609 1489 etiam

273 1510 312 1540 de
333 1511 514 1542 animorum
541 1511 779 1543 immortalitate
800 1513 922 1544 ratione
951 1511 1123 1543 theoretica
1149 1512 1227 1543 certi
1253 1511 1430 1554 quidquam
1455 1516 1512 1542 aut
1535 1511 1610 1542 sciri

273 1569 329 1594 aut
353 1565 449 1595 statui
471 1575 560 1607 posse
580 1572 750 1608 negarent,
775 1566 923 1598 subtilius
944 1565 1005 1597 hoc
1025 1571 1252 1608 argumentum
1272 1571 1490 1607 exposuerunt
1511 1571 1611 1608 atque

273 1617 348 1648 inde
370 1618 460 1660 sequi
481 1618 633 1650 dixerunt
653 1620 748 1651 fidem
773 1622 945 1663 practicam
969 1621 1000 1651 in
1023 1620 1133 1651 morali
1160 1625 1265 1650 nostra
1288 1624 1401 1650 natura
1426 1618 1607 1650 fundatam.

273 1671 433 1702 Nimirum
466 1683 483 1703 e
509 1673 618 1704 Kantii
643 1676 799 1705 sententia
831 1675 914 1707 inest
937 1676 971 1706 in
999 1674 1089 1706 nobis
1119 1674 1199 1705 ratio
1229 1673 1389 1716 practica,
1423 1684 1495 1715 quae
1519 1672 1612 1703 nobis

274 1724 376 1767 legem
400 1725 552 1757 moralem
568 1727 690 1767 scribit,
715 1734 747 1759 et
767 1740 828 1771 qua
845 1730 992 1762 voluutas
1007 1735 1111 1760 nostra
1133 1727 1312 1771 impellitur
1331 1727 1368 1758 ad
1390 1727 1450 1758 alia
1468 1727 1610 1770 agenda,

273 1779 448 1811 omittenda
475 1779 555 1821 alia3
594 1781 818 1825 distinguenda
846 1784 900 1816 illa
930 1791 977 1816 est
1003 1797 1019 1816 a
1053 1783 1176 1815 ratione
1204 1782 1378 1813 theoretica
1408 1782 1474 1814 sive
1504 1793 1608 1825 pura,

333 1895 377 1922 (1)
394 1895 445 1917 Cic.
468 1895 542 1918 Tusc.
562 1901 648 1926 quaest.
671 1897 717 1919 lib.
741 1899 763 1919 Ι.
782 1906 836 1928 cap.
865 1899 901 1921 13.

333 1935 376 1963 (2)
394 1934 442 1956 Css‘.
463 1934 491 1957 de
509 1936 553 1958 hoe
569 1941 711 1966 argumento
731 1937 873 1960 Lactantius
890 1938 919 1960 de
937 1939 987 1961 vita
1004 1939 1087 1967 beata,
1107 1946 1162 1968 cap.
1182 1938 1209 1966 5,
1228 1946 1254 1968 9,
1275 1945 1316 1964 ιο,
1339 1936 1382 1959 alii
1399 1944 1493 1967 quoque
1506 1935 1608 1959 ecclesiae

271 1978 363 2004 patres,
375 1974 574 2004 chrysostomus,
586 1976 750 2007 Augustinus,
766 1977 946 2007 Nniaucenus,
958 1983 1016 2006 ρης
1037 1979 1142 2006 Herder,
1156 1978 1225 2000 idee'u
1240 1985 1282 2000 zur
1295 1977 1430 2008 geschichte
1447 1977 1488 1999 der
1502 1975 1608 1998 mensch-

271 2014 334 2042 heit3
365 2014 485 2043 Ammon,
502 2015 643 2038 wissensch.
665 2017 748 2046 prakt.
768 2017 846 2045 theol,
867 2025 888 2040 s.
908 2018 966 2047 296;
998 2019 1156 2042 Mendelsohn
1176 2019 1201 2041 in
1221 2018 1306 2040 Phaed.
1325 2019 1362 2040 In
1382 2025 1476 2048 gespr.;
1501 2016 1608 2038 Contzen

271 2053 291 2076 l.
313 2054 333 2076 1.
354 2054 413 2077 diss.
435 2055 482 2078 1V.
504 2063 559 2085 cap.
579 2057 614 2078 11.
638 2056 650 2085 ᾗ
668 2057 712 2086 309
729 2065 783 2087 sq,;
806 2057 849 2080 alii
866 2058 916 2087 jam
932 2058 1002 2081 laud.
1030 2059 1087 2089 Legi
1107 2066 1200 2090 quoque
1217 2063 1322 2081 meretur
1344 2057 1378 2080 De
1396 2056 1606 2084 Chateaubriaud,

268 2095 337 2125 genie
355 2095 387 2118 du
403 2095 595 2126 christiafflsme,
618 2098 651 2120 1¹e
664 2097 755 2127 partie,
771 2097 819 2122 liv.
832 2098 880 2121 Vi.
901 2105 927 2129 p.
941 2098 982 2121 311
1002 2106 1040 2130 sq.
1061 2106 1119 2129 opp.
1145 2103 1165 2122 ι.
1186 2098 1235 2121 X1.
1258 2098 1348 2125 Brux.,
1368 2097 1434 2119 1826-
