1747 2620
486 424 701 465 PARS
790 425 1080 468 PRIMA.

256 564 517 597 LINEARUM
572 565 1023 600 TRANSVERSALIUM
1077 569 1309 604 THEORIA.

110 892 372 952 Celeberrimus
401 918 541 956 carnot,
573 918 626 950 cui
651 929 709 961 pro
734 918 872 951 maxima
900 927 1006 963 parte,
1034 921 1170 955 debetur
1191 923 1282 956 istius
1302 924 1448 958 Theoriae

108 974 307 1018 explanatio,
345 973 464 1005 lineam
494 973 737 1006 transversalem
763 974 807 1005 sic
834 974 962 1006 definit:
1008 988 1026 1007 ))
1039 976 1140 1018 linea,
1171 984 1227 1010 aut
1254 985 1361 1019 recta,
1392 986 1449 1012 aut

108 1040 127 1060 5>
144 1040 258 1068 curva,
276 1039 347 1071 quae
362 1038 570 1071 quocumque
583 1026 678 1059 modo
698 1027 870 1059 intersecat
885 1035 1020 1072 systema
1038 1031 1172 1063 aliarum
1189 1032 1365 1073 linearum,
1381 1035 1449 1067 sive

108 1095 127 1114 ))
142 1089 321 1122 rectarum,
358 1083 424 1114 sive
450 1094 640 1123 curvarum,
668 1081 720 1115 vel
749 1083 845 1114 etiam
872 1089 1007 1126 systema
1033 1084 1203 1127 planorum
1228 1092 1285 1118 aut
1310 1088 1448 1130 superfi-

107 1148 126 1167 >›
143 1136 264 1168 cierum
292 1135 498 1168 curvarum.'’

149 1189 287 1221 Theoria
307 1189 380 1229 ista,
410 1189 475 1221 suis
497 1188 662 1232 principiis
690 1189 940 1232 simplicissima,
966 1191 1232 1234 applicationibus
1261 1200 1369 1226 autem
1395 1195 1447 1227 fe-

105 1243 318 1283 cundissima,
349 1242 431 1274 nihil
458 1242 546 1275 aliud
571 1249 636 1282 est,
669 1249 707 1274 ut
736 1243 865 1286 proprie
896 1244 1018 1285 dicam,
1055 1257 1152 1289 quam
1188 1248 1446 1282 coordinatarum

104 1297 227 1328 theoria
253 1296 293 1328 ad
313 1295 539 1339 simpliciorem
559 1296 795 1338 expressionem
819 1296 963 1339 redacta,
988 1299 1023 1330 in
1048 1310 1085 1331 eo
1111 1300 1198 1344 quod
1221 1313 1319 1345 super
1346 1315 1445 1336 unam

102 1349 315 1393 eamdemque
340 1355 460 1381 rectam
487 1348 703 1380 extendantur
729 1349 930 1383 coordinatae.

146 1404 287 1444 Revera,
313 1404 377 1435 sint
401 1403 473 1447 (fig.
497 1403 549 1445 1.)
581 1403 635 1434 AR
656 1409 689 1434 et
711 1403 773 1435 RM
796 1405 990 1438 coordinatae
1010 1408 1124 1450 puncti
1151 1408 1184 1440 M
1209 1408 1445 1454 cujuscumque

104 1458 197 1490 Iineae
222 1457 330 1489 relatae
359 1456 399 1488 ad
429 1457 510 1489 duos
537 1468 612 1488 axes
636 1457 692 1500 qui
716 1457 873 1501 angulum
899 1471 1140 1504 quemcumque
1170 1463 1195 1504 β
1220 1463 1378 1495 formant:
1417 1465 1443 1496 si

102 1523 160 1556 per
177 1512 263 1544 istud
284 1517 442 1555 punctum
463 1511 496 1543 M
516 1510 655 1543 ducatur
675 1512 891 1544 transversalis
907 1514 1014 1555 PQM,
1037 1515 1076 1547 ad
1097 1516 1253 1559 angulum
1275 1517 1386 1550 datum
1405 1532 1441 1559 a,

101 1573 181 1598 tunc
203 1576 244 1597 ex
268 1565 438 1608 triangulis
461 1565 546 1604 QMS
574 1570 606 1596 et
634 1565 738 1604 PMR,
769 1567 848 1597 erit:

300 1643 352 1683 Qs
367 1642 475 1674 :AR
492 1655 530 1670 =
548 1642 613 1682 QM
632 1629 785 1669 Q
873 1645 934 1676 ΒΜ
951 1659 989 1674 =
1007 1641 1153 1678 PM

672 1670 710 1692 sin
720 1674 737 1699 β
1089 1682 1127 1696 siu
1135 1679 1152 1703 β

101 1721 145 1752 sic
168 1718 364 1763 designando
384 1729 442 1762 per
462 1730 485 1749 x
507 1723 540 1750 et
553 1730 584 1761 y
605 1718 802 1750 coordinatas
824 1718 879 1750 AR
900 1725 933 1751 et
952 1719 1014 1752 ΒΜ
1037 1727 1070 1753 et
1093 1733 1151 1765 per
1172 1723 1206 1754 ,τ’
1227 1729 1259 1755 et
1271 1725 1311 1767 y'
1335 1731 1440 1768 partes

100 1774 166 1814 QM
180 1780 212 1805 et
226 1772 288 1805 PM
302 1771 520 1805 transversalis
536 1772 621 1804 inter
641 1784 715 1805 axes
729 1779 762 1805 et
778 1779 938 1817 punctum
954 1775 987 1807 M
1006 1777 1267 1819 comprehensas,
1290 1779 1440 1811 oriuntur

479 1862 556 1882 x=
571 1850 606 1882 ω’
630 1838 796 1909 Βωδξξὲα),
815 1854 947 1896 y=y'
965 1847 1048 1910 ΞΞΞΞ.

142 1926 175 1957 Si
190 1927 224 1957 in
239 1926 420 1970 aequatione
432 1926 525 1958 lineae
536 1927 571 1958 in
584 1927 647 1970 qu&
660 1935 818 1971 punctum
831 1930 864 1961 M
873 1931 1018 1972 ponitur,
1030 1930 1099 1962 loco
1110 1941 1133 1961 x
1145 1936 1178 1962 et
1185 1943 1215 1974 y
1227 1931 1350 1964 valores
1363 1933 1436 1964 istos

97 1991 275 2024 ponamus,
304 1981 443 2023 aequatio
470 1981 528 2012 ista
555 1981 689 2025 gradum
715 1995 780 2015 non
807 1983 964 2024 mutabit,
996 1983 1173 2028 datumque
1199 1986 1259 2017 erit
1285 1986 1435 2030 quodque

97 2040 276 2077 punctum,
301 2033 446 2077 partibus
470 2036 686 2068 transversalis
710 2038 795 2070 inter
814 2044 975 2082 punctum
997 2038 1082 2070 istud
1107 2045 1140 2070 et
1164 2039 1242 2073 duos
1268 2051 1341 2072 axes
1365 2041 1434 2083 pri-

96 2087 500 2136 mitivos-comprehensim
528 2090 615 2134 quod
634 2098 769 2134 systema
793 2093 969 2136 simplicius
993 2092 1132 2127 videtur.
