1747 2620
893 247 1006 291 (30)

735 373 1024 406 THEOREMA
1076 372 1163 403 VII.

330 486 366 516 ln
388 483 473 515 omni
496 487 675 525 pentagono
698 477 803 509 ahc-de
823 475 982 519 parabolae
1004 475 1174 518 inscrip10‚
1202 475 1442 506 inim-sectiones
1468 474 1492 506 R
1518 480 1550 506 et
1575 474 1622 506 R''

287 541 513 572 diametrorum
529 545 600 577 quae
617 544 674 576 per
693 531 909 563 extremitates
929 529 1025 561 unius
1038 528 1248 573 ejusdemque
1263 528 1369 560 lateris
1384 540 1424 560 ae
1441 534 1622 568 transeunt,

287 606 359 626 cum
381 590 533 623 lateribus
550 588 700 631 oppositis
719 584 890 617 verticibus
912 596 934 614 a
950 589 983 615 et
1001 595 1034 623 e,
1056 589 1087 614 et
1105 589 1264 626 punctum
1281 582 1317 613 R'
1334 583 1367 613 in
1385 582 1471 625 quod
1485 593 1625 614 concur-

286 654 364 680 runt
385 646 449 677 duo
471 644 594 686 reliqua
616 642 732 679 latera,
759 641 792 670 in
819 638 882 670 una
904 637 1082 681 ezidemque
1103 637 1188 668 recta
1215 637 1423 679 reperiuntur
1453 636 1528 679 (fig.
1551 637 1622 679 33).

330 701 378 731 Sit
411 699 614 740 hexagonum
647 693 775 737 abc-def
800 692 892 737 cujus
919 691 1016 723 latera
1046 692 1187 735 opposita
1218 696 1417 722 concurrunt
1442 691 1475 721 in
1504 696 1624 733 puncta

289 767 314 794 ν,
322 753 415 793 R'‚1·¹'
438 754 471 784 in
489 752 647 782 directum
668 748 834 779 collocata:
851 757 1008 789 ponamus
1027 751 1185 788 punctum
1198 744 1249 787 fa
1265 744 1394 787 punctis
1409 755 1431 774 a
1445 749 1478 774 et
1494 755 1511 774 e
1526 745 1626 787 magis

288 820 324 840 ac
337 807 436 850 magis
451 804 627 841 discedere3
643 802 817 845 proprietas
834 800 1000 843 hexagono
1016 805 1200 841 competens
1215 808 1340 840 semper
1354 796 1461 828 locum
1478 796 1623 836 habebit3

289 873 364 904 ergo
395 872 452 902 per
477 859 582 901 legem
611 855 846 892 continuitatis,
878 855 934 884 ista
964 854 1139 896 proprietas
1171 851 1312 882 manebit
1339 850 1467 890 eadem,
1498 851 1626 893 quando

289 921 447 960 punctum
464 913 542 956 fin
562 912 725 943 infinitum
751 908 869 946 abibit,
893 918 957 950 quo
983 919 1056 938 casu
1077 906 1175 937 latera
1199 905 1244 948 (If
1263 911 1295 936 et
1317 904 1454 948 effiunt
1479 904 1625 937 diametri

289 969 446 1014 parabolae
463 968 513 998 αΕ
531 972 564 997 et
584 965 636 997 eF.
661 965 746 1007 Ergo
765 962 906 1005 denique
922 960 1069 992 ducendo
1090 972 1146 1000 ae,
1170 960 1197 991 T
1199 959 1348 990 heorema
1368 964 1415 991 est
1430 958 1629 991 demonstra-

292 1031 382 1064 tum,
407 1023 473 1054 sive
495 1025 616 1064 puncta
636 1016 728 1058 R‚R'
745 1022 777 1048 et
791 1015 839 1047 R''
861 1016 894 1047 in
908 1015 1027 1047 'eadem
1050 1014 1136 1046 recta
1156 1019 1335 1058 ponuntur.

737 1140 1013 1173 THEOREMA
1074 1139 1181 1171 VIII.

337 1253 374 1283 In
394 1250 481 1282 omni
501 1253 682 1292 pentagono
702 1243 943 1285 circumscripto
959 1242 1132 1285 parabolae,
1153 1241 1314 1285 parallelae
1334 1240 1460 1273 duobus
1478 1241 1631 1273 lateribus

294 1307 392 1340 unius
412 1303 621 1349 ejusdemque
637 1299 764 1343 anguli,
788 1309 846 1341 per
866 1298 1000 1330 vertices
1019 1297 1084 1328 istis
1105 1296 1258 1328 lateribus
1278 1297 1436 1339 oppositos
1456 1296 1578 1336 ductae,
1600 1302 1632 1327 et

295 1359 468 1404 diagonalis
492 1368 565 1401 quae
586 1356 665 1387 duos
685 1354 762 1385 alios
784 1352 918 1386 vertices
940 1351 1062 1396 jungit,
1088 1351 1146 1383 sibi
1171 1351 1206 1382 iu
1230 1351 1326 1382 unico
1346 1356 1468 1394 puncto
1492 1351 1631 1383 invicem

296 1419 472 1448 occurrunt
491 1411 563 1454 (fig.
587 1409 662 1452 34.)

339 1469 387 1499 Sit
410 1464 575 1498 ABCDEF
603 1463 809 1506 hexagonum
833 1460 1113 1502 circumscriptum
1139 1460 1173 1491 in
1200 1471 1264 1502 quo
1290 1458 1472 1502 diagonales
1500 1469 1566 1489 sese
1598 1459 1633 1489 in

297 1527 418 1567 puncto
436 1521 450 1551 I
470 1519 608 1551 invicem
630 1522 748 1548 secant.
778 1516 938 1546 Ponamus
958 1520 1116 1557 punctum
1138 1514 1166 1544 T
1183 1515 1216 1545 in
1238 1525 1302 1556 quo
1319 1513 1401 1545 latus
1423 1513 1475 1544 EF
1498 1512 1634 1556 parabo-

299 1579 362 1609 lani
385 1575 501 1618 tangit,
527 1585 543 1605 a
565 1572 694 1616 punctis
715 1570 897 1609 A,B,C‚D
920 1569 1018 1611 magis
1041 1580 1076 1599 ac
1096 1568 1195 1611 magis
1212 1567 1345 1599 distare:
1370 1567 1419 1598 uti
1439 1578 1534 1610 supra
1557 1578 1635 1598 con—

301 1629 498 1663 cludendum
514 1627 575 1658 erit
586 1625 812 1668 proprietatem
825 1623 992 1665 hexagono
1006 1622 1246 1663 circumscripto
1262 1626 1515 1663 competentem,
1530 1620 1636 1651 adhuc

301 1685 422 1723 valere,
439 1680 568 1725 quando
583 1684 742 1722 punctum
756 1677 783 1707 T
802 1683 833 1708 et
848 1675 981 1719 proinde
998 1681 1117 1718 puncta
1133 1675 1159 1706 E
1175 1680 1207 1705 et
1223 1675 1246 1705 F
1262 1679 1358 1705 erunt
1371 1674 1466 1705 etiarn
1482 1674 1515 1704 in
1527 1674 1638 1704 infini—

303 1746 373 1771 tum
390 1741 526 1773 remota3
541 1733 684 1775 adeoque
701 1732 753 1762 AF
764 1737 796 1762 et
807 1731 856 1762 CF
869 1736 966 1762 erunt
980 1731 1063 1761 inter
1079 1740 1111 1760 se
1127 1728 1303 1772 parallelae⁷
1321 1729 1369 1759 uti
1385 1729 1442 1759 DE
1453 1733 1485 1759 et
1496 1727 1567 1758 BE:
1588 1728 1638 1758 CF

304 1795 358 1825 fiet
379 1791 427 1834 Cf
441 1796 473 1821 et
492 1789 546 1819 BE
564 1788 619 1818 fiet
639 1786 702 1817 Be:
725 1797 799 1828 ergo
816 1785 956 1827 denique
976 1785 1009 1815 in
1034 1789 1214 1827 pentagono
1232 1782 1392 1822 ABCDF',
1416 1782 1575 1825 parallelae
1597 1781 1646 1824 Cf

305 1854 337 1880 et
355 1847 401 1878 Be
421 1844 460 1876 ad
478 1844 575 1875 latera
597 1840 660 1872 AF'
681 1846 714 1872 et
733 1839 797 1871 F'D
818 1838 928 1883 anguli
949 1838 974 1869 F
982 1862 990 1879 ,
1012 1849 1077 1869 sese
1101 1849 1197 1881 supra
1218 1836 1417 1880 diagonalem
1438 1837 1494 1867 AD
1519 1841 1637 1868 secant.

759 1963 1061 1996 THEOREMA
1112 1963 1181 1995 IX.

351 2066 389 2098 In
417 2062 504 2095 omni
529 2060 742 2105 quadrilatero
768 2057 923 2103 parabolae
950 2058 1121 2101 inscripto,
1148 2057 1174 2088 si
1196 2067 1254 2100 per
1283 2055 1499 2088 extremitates
1526 2053 1641 2086 unius-
