1747 2620
723 253 734 295 (
760 254 820 294 141
847 254 859 297 )

117 327 357 367 constitutioni,
388 328 525 370 pessimo
556 326 677 359 scilicet
704 327 862 359 accidenti
893 328 1099 361 adscribenda
1134 331 1236 362 foret:
1266 331 1318 363 hic
1347 339 1455 365 tamen

117 381 304 424 excipienda
320 387 396 413 sunt
413 381 650 413 infantulorum
671 382 794 422 crania,
811 393 883 425 quae
902 383 1017 415 natura
1035 384 1093 415 sua
1110 384 1217 415 mollia
1234 392 1309 416 sunt
1327 394 1457 430 propter

116 435 261 467 nondum
281 441 442 478 peractam
462 436 702 468 ossificationem
723 442 756 468 et
771 437 972 469 existentiam
994 438 1256 471 fontanellarum.
1276 439 1456 483 Aliquando

116 500 189 521 vasa
205 489 351 533 quaedam
367 490 565 533 sanguisera,
588 502 660 533 quae
675 497 746 534 post
760 492 960 524 nativitatem
979 492 1138 525 ordinaiio
1155 493 1384 534 obliterantur,
1400 506 1458 537 pei

116 548 215 575 totam
244 544 343 575 vitam
372 550 582 587 permanent,
611 545 681 584 uti,
714 545 803 577 veibi
830 546 944 586 causa,
976 558 1066 579 venae
1096 548 1296 580 umbilicales
1327 555 1359 580 et
1389 550 1457 592 ipse

115 597 233 628 canalis
254 608 407 629 venosus:
433 599 459 629 si
483 610 572 630 nunc
593 598 711 631 vulnus
734 600 767 632 in
790 600 840 631 his
862 600 1006 644 partibus
1027 602 1201 645 infligitur,
1228 609 1261 634 et
1281 604 1306 634 si
1326 610 1457 646 pioptei

113 651 276 693 propriam
295 652 387 683 istam
409 658 441 683 et
458 665 474 684 a
490 653 606 684 natura
630 653 833 684 secedentem
857 659 1051 685 structuram
1077 667 1160 686 mors
1181 657 1341 699 sequitur,
1368 663 1457 688 estne

114 703 168 735 illa
188 705 284 736 etiam
305 705 463 736 accidenti
486 708 621 748 pessimo
641 717 707 737 non
727 706 959 738 adscribenda?
982 709 1078 751 Apud
1098 709 1173 740 alios
1195 711 1281 741 enim
1303 712 1458 742 sauciatos

111 757 238 789 lethum
265 770 330 790 non
361 759 444 790 foret
472 761 668 791 insecutum.
700 760 760 791 Hic
783 761 903 792 iterum
927 773 992 793 non
1020 762 1186 805 loquimur
1211 763 1250 794 de
1277 763 1457 807 junioribus

111 812 298 853 infantulis,
322 814 356 844 in
378 813 495 857 quibus
514 814 583 845 haec
608 814 768 857 dispositio
792 826 866 846 cum
883 821 1007 847 naturae
1022 816 1148 859 legibus
1168 819 1318 861 congruit
1336 825 1368 850 et
1385 830 1457 862 quae

112 868 289 909 praesertim
314 867 348 898 in
372 873 456 899 statu
477 867 580 899 foetali
603 869 775 911 organismi
798 869 974 901 evolutioni
994 872 1168 902 necessaria
1192 878 1249 902 est.

157 921 279 952 Praeter
309 921 399 952 binas
434 922 490 952 has
520 923 640 964 species
671 922 803 953 lusuum
834 929 959 955 naturae
995 924 1056 956 alia
1086 925 1194 956 existit
1224 937 1296 969 quae
1326 926 1456 957 omnino

111 975 256 1006 miranda
287 981 354 1015 est,
384 976 418 1006 in
444 976 507 1019 qua
534 976 656 1007 scilicet
682 977 829 1008 oninium
857 989 1051 1021 organorum
1078 986 1237 1023 quotquot
1263 981 1296 1011 in
1323 990 1456 1024 corpore

111 1029 254 1060 existunt
275 1030 477 1072 transpositio
496 1030 601 1061 adest:
618 1030 683 1061 fuit
698 1031 785 1062 enim
804 1032 932 1063 Parisiis
951 1033 1086 1065 cadaver
1102 1033 1322 1074 observatum,
1339 1035 1374 1065 in
1391 1046 1456 1077 quo

111 1083 218 1113 omnia
239 1094 356 1126 organa
382 1095 455 1126 quae
480 1084 579 1126 vulgo
606 1084 640 1115 in
667 1090 757 1127 parte
779 1086 919 1128 corporis
945 1086 1056 1118 dextra
1083 1087 1223 1131 degunt,
1249 1089 1414 1132 regionem
1439 1099 1457 1119 e

110 1142 220 1168 contra
245 1138 404 1169 sinistram
432 1138 648 1181 occupabant,
675 1144 707 1169 et
730 1139 798 1170 vice
818 1140 925 1170 versa:
950 1141 993 1171 ita
1019 1147 1057 1172 ut
1080 1153 1150 1181 cor,
1180 1142 1292 1184 pulmo
1313 1143 1455 1182 sinister,

109 1190 200 1233 splen
211 1191 244 1221 in
257 1191 370 1222 dextro
381 1191 481 1223 latere
492 1193 730 1232 invenirentur,
743 1205 845 1236 quum
858 1205 875 1225 e
890 1201 997 1226 contra
1010 1195 1121 1238 pulmo
1133 1196 1256 1236 dexter,
1268 1197 1380 1240 hepar,
1393 1203 1453 1228 etc.

108 1244 274 1277 sinistrum
302 1247 474 1289 organismi
499 1252 637 1278 tractum
663 1247 868 1287 obtinerent,
900 1249 986 1290 quod
1011 1250 1035 1279 si
1060 1249 1119 1280 sub
1145 1250 1240 1281 simili
1270 1251 1454 1281 conforma-

107 1298 213 1338 tione,
236 1299 372 1339 vulnus,
399 1300 433 1330 in
460 1300 543 1331 latus
570 1300 739 1340 dextrum,
766 1301 855 1332 haud
881 1303 1081 1345 profundum
1108 1303 1266 1347 infligitur
1289 1304 1375 1347 quod
1400 1316 1454 1336 cor

107 1352 172 1384 situ
192 1352 345 1384 abnorme
368 1354 523 1396 perfodit,
548 1360 582 1386 et
603 1365 620 1386 e
647 1355 726 1386 vivis
751 1356 930 1387 sauciatum
953 1356 1052 1396 tollit,
1079 1358 1198 1388 iterum
1221 1369 1304 1389 mors
1327 1358 1453 1389 infaus—

106 1406 227 1438 tissimo
253 1407 412 1439 accidenti
439 1408 591 1448 debetur,
617 1419 691 1439 nam
717 1409 852 1440 minime
877 1410 1046 1452 probatum
1072 1417 1119 1442 est
1138 1411 1241 1442 simile
1262 1411 1399 1451 vulnus,
1427 1412 1453 1443 si

106 1460 272 1493 hominem
290 1462 351 1493 rite
371 1463 582 1494 constitutum
604 1462 749 1503 laesisset,
771 1463 896 1495 lethum
919 1464 1016 1496 etiam
1038 1465 1236 1507 produxisse.
1259 1465 1336 1496 Pars
1355 1466 1451 1496 etiam

106 1525 178 1558 quae
196 1516 411 1547 instrumento
432 1522 566 1547 externo
585 1517 703 1548 feritur
723 1517 833 1549 morbo
854 1524 958 1561 potest
980 1519 1140 1559 laborare,
1165 1519 1286 1563 illaque
1310 1521 1452 1551 circum-

105 1569 220 1600 stantia
241 1569 383 1601 multum
405 1571 531 1602 confert
551 1571 591 1602 ad
610 1572 795 1615 augendum
816 1572 952 1605 laesionis
972 1573 1172 1616 periculum:
1196 1585 1269 1604 nam
1287 1575 1454 1606 enimvero

107 1624 133 1654 si
157 1623 327 1655 affectione
344 1623 494 1667 ‘quadam
520 1625 725 1668 scrophulosa
747 1627 799 1658 vel
826 1626 897 1658 labe
925 1627 1078 1659 rachitiefi
1105 1634 1216 1667 costae,
1242 1634 1387 1659 sternum
1419 1635 1453 1660 et

105 1677 256 1709 columna
279 1677 482 1719 vertebralis,
500 1684 622 1710 tantam
642 1680 894 1713 teneritudinem
915 1682 1101 1724 acquisivit,
1121 1687 1160 1713 ut
1182 1682 1361 1715 levissimus
1376 1683 1452 1725 qui-

106 1731 180 1763 dem
205 1733 289 1764 ictus
318 1733 434 1764 harum
460 1733 512 1765 vel
531 1733 747 1776 luxationem,
770 1735 823 1768 vel
845 1736 1021 1768 fracturam
1040 1736 1250 1776 determinet,
1273 1743 1359 1768 certe
1383 1737 1452 1768 haec

106 1792 186 1818 tunc
201 1787 302 1828 laesio,
318 1788 342 1819 si
355 1787 577 1831 pedissequam
592 1788 689 1821 habet
703 1797 855 1831 mortem,
867 1802 925 1834 per
935 1803 968 1823 se
983 1803 1049 1822 non
1066 1791 1236 1831 lethifera,
1250 1791 1304 1821 sed
1320 1796 1451 1833 propter

106 1840 290 1872 cachexiam
311 1843 443 1874 sauciati
464 1842 534 1873 talis
554 1842 743 1875 declaranda
765 1851 822 1876 est.
851 1846 883 1876 Si
904 1846 1024 1878 vulnus
1044 1844 1252 1888 pulmonibus
1275 1844 1338 1875 tale
1362 1844 1450 1875 infli-

105 1895 208 1938 gitur,
229 1901 267 1926 ut
284 1895 318 1926 in
338 1896 452 1938 quovis
471 1896 603 1928 homine
620 1898 797 1931 existentiae
812 1900 908 1931 finem
931 1901 1129 1941 imponeret,
1153 1904 1239 1929 certe
1254 1904 1336 1929 esset
1351 1898 1450 1938 illud,

104 1949 201 1980 etiam
222 1949 248 1979 si
269 1948 437 1991 pulmones
458 1951 598 1993 perculsi
614 1952 722 1985 morbo
739 1953 936 1992 laborarent,
961 1952 1105 1983 absolute
1125 1951 1315 1983 lethiferum
1336 1952 1449 1984 dicen-

104 2002 201 2043 dum,
220 2002 275 2034 sed
291 2003 317 2034 si
337 2014 354 2034 e
371 2009 480 2035 contra
502 2005 535 2035 in
556 2005 710 2048 pulmone
729 2013 846 2050 aegroto
866 2006 952 2038 laesio
967 2005 1019 2038 vel
1035 2006 1133 2036 sectio
1153 2004 1338 2049 hujusmodi
1354 2006 1448 2037 inve-

103 2057 208 2098 nitur,
227 2068 299 2100 quae
319 2058 353 2089 in
369 2057 481 2089 eodem
498 2070 616 2102 organo
631 2059 713 2093 bene
732 2061 859 2095 valente
878 2061 1014 2092 exitium
1032 2059 1121 2091 haud
1139 2059 1356 2103 produxisset,
1379 2060 1449 2092 haec
