1747 2620
729 235 843 279 (51)

111 313 137 344 P
158 318 317 356 punctum
339 310 571 343 intersectionis
593 315 753 343 rectarum
779 322 813 353 x,
835 316 867 341 et
887 321 949 353 xa:
972 316 1105 354 tangens
1125 322 1164 343 ex
1186 311 1211 343 P
1234 312 1273 345 ad
1294 314 1319 345 C
1337 314 1450 356 ducta,

111 369 173 401 erit
198 366 327 410 aequalis
353 364 558 409 tangentibus
580 375 620 395 ex
639 363 665 394 P
687 363 726 394 ad
743 363 778 393 C'
800 370 832 395 et
851 363 897 394 C'l
916 363 1037 403 ductis;
1060 375 1136 408 ergo
1159 365 1208 397 hae
1232 366 1355 399 ultimae
1375 376 1452 401 sunt

111 424 196 454 inter
221 433 253 453 se
277 421 432 464 aequales,
457 419 601 462 adeoque
622 423 782 461 punctum
805 418 831 450 P
856 419 890 449 in
917 419 970 450 axi
989 419 1121 451 radicasti
1141 420 1336 454 circulorum
1359 423 1393 453 C'
1419 430 1451 455 et

111 475 169 515 C'',
194 474 321 519 jacebit.

154 529 319 560 Punctum
340 526 425 558 istud
446 526 471 557 P
486 531 620 558 vocatur
640 530 787 556 centrum
806 525 957 557 radicale
978 526 1078 558 trium
1094 527 1290 560 circulorum
1310 528 1350 569 C,
1371 529 1406 560 C'
1420 536 1452 562 et

101 582 169 623 C'',
187 589 219 614 et
237 581 367 613 evidens
383 587 430 612 est
444 581 652 624 proprietates
669 580 787 623 quibus
803 580 921 623 gaudet
937 581 1004 612 axis
1019 581 1165 613 radicalis
1186 582 1324 614 duorum
1341 584 1450 616 eircu-

110 638 235 676 lorum,
264 642 412 679 respectu
438 634 551 667 circuli
575 635 654 666 duos
674 634 809 666 circulos
835 636 1015 678 tangentis,
1042 646 1108 667 esse
1130 648 1317 668 communes
1341 644 1451 670 centro

110 691 240 723 radicali
266 691 310 730 P,
335 696 484 733 respectu
505 688 617 720 circuli
638 694 701 719 tres
722 688 857 720 circulos
879 689 918 729 C,
941 688 976 719 C'
999 695 1031 720 et
1052 689 1098 720 C''
1123 692 1300 733 tangentis,
1326 691 1357 723 id
1385 698 1450 733 est,

111 744 197 777 istud
224 750 383 787 punctum
410 743 436 774 P
460 754 526 774 esse
549 743 583 779 in
611 742 732 773 circulo
754 743 898 786 tangenti
924 749 1085 785 punctum
1114 744 1322 788 homologum
1347 746 1451 777 inter—

109 800 288 832 sectionum
322 798 482 842 polarium
511 796 730 828 similitudinis
763 796 816 828 vel
846 796 974 828 directae
1007 797 1059 829 vel
1090 798 1250 838 inversae,
1284 799 1318 829 in
1348 799 1451 831 tribus

109 853 238 886 circulis
266 853 306 893 C,
329 852 364 883 C'
379 858 412 883 et
433 850 490 882 C''.
515 850 673 890 Aliunde,
699 851 724 881 si
745 862 819 882 axes
839 851 992 882 radicales
1012 857 1045 883 et
1066 851 1189 894 polares
1214 852 1450 893 similitudinis,

109 909 172 939 sint
200 913 294 939 rectae
321 905 516 948 homologae,
547 905 723 936 necessario
751 905 885 936 istarum
913 911 1075 937 rectarum
1099 912 1220 950 puncta
1249 907 1451 940 intersectio-

108 972 207 1002 num,
233 966 329 993 erunt
349 965 468 1003 puncta
490 958 669 1003 homologa.

618 1105 930 1138 PROBLEMA.

151 1220 199 1252 Ad
220 1226 282 1251 tres
302 1219 437 1251 circulos
457 1220 491 1250 in
511 1218 607 1262 plano
628 1218 732 1259 datos,
755 1218 915 1250 circulum
937 1225 1121 1263 tangentem
1145 1219 1334 1252 describere.

150 1274 240 1306 Istud
264 1273 427 1317 problema
448 1279 519 1304 octo
540 1273 712 1305 solutiones
735 1273 890 1305 admittit:
914 1284 1006 1314 nam,
1035 1275 1069 1305 1⁰
1090 1280 1224 1317 possunt
1248 1280 1311 1305 tres
1324 1274 1447 1314 *circuli

106 1328 148 1369 C,
168 1328 203 1360 C'
225 1327 270 1359 C''
296 1328 372 1371 (fig.
397 1327 462 1370 48)
485 1326 606 1358 circulo
630 1328 776 1371 tangenti
801 1327 853 1360 vel
876 1329 1065 1368 exteriores,
1095 1328 1147 1361 vel
1170 1329 1336 1360 interiores
1362 1340 1446 1369 esse,

105 1385 141 1414 2⁰
163 1388 295 1426 possunt
315 1382 379 1414 duo
403 1382 516 1414 circuli
535 1381 560 1412 C
579 1387 611 1413 et
628 1381 686 1422 C'',
709 1383 830 1415 circulo
853 1383 997 1427 tangenti
1018 1382 1207 1423 exteriores,
1233 1382 1314 1414 alter
1337 1388 1447 1414 autem

105 1436 141 1467 C'
160 1436 272 1468 eodem
299 1436 419 1467 circulo
443 1436 576 1467 interior
603 1447 679 1468 esse.
712 1437 747 1468 30
763 1438 900 1468 Possunt
924 1437 988 1468 duo
1014 1436 1127 1468 circuli
1154 1436 1275 1468 circulo
1300 1437 1446 1480 tangenti

105 1491 288 1529 interiores,
310 1491 424 1522 tertius
444 1497 552 1522 autem
576 1491 714 1522 exterior
733 1502 811 1523 esse.
839 1492 911 1523 Duo
930 1491 1038 1523 ultimi
1061 1502 1167 1531 casus,
1190 1496 1254 1522 tres
1275 1491 1447 1533 requirunt

105 1544 294 1582 solutiones,
321 1544 501 1575 annotando
523 1555 792 1587 unumquemque
813 1556 853 1576 ex
875 1544 1002 1576 circulis
1027 1544 1068 1583 C,
1091 1544 1127 1575 C'
1146 1549 1179 1576 et
1196 1543 1254 1584 C'',
1281 1544 1338 1575 sua
1359 1544 1445 1585 vice,

106 1597 226 1630 circulo
247 1598 391 1640 tangenti
411 1597 462 1629 vel
481 1598 666 1628 interiorem
682 1598 734 1629 vel
754 1599 945 1630 exteriorem
967 1599 1106 1641 supponi
1130 1609 1231 1642 posse.

149 1662 311 1693 Ponamus
331 1663 365 1692 10
382 1667 445 1693 tres
462 1660 597 1692 circulos
610 1660 651 1701 C,
669 1660 703 1692 C'
720 1667 753 1691 et
768 1661 813 1691 C''
834 1668 923 1693 extra
940 1660 1099 1693 circulum
1115 1667 1301 1704 tangentem
1323 1660 1446 1692 cadere.

105 1715 154 1746 Ex
176 1714 284 1755 dictis,
315 1721 543 1746 construantur
569 1716 602 1745 1⁰
623 1714 745 1757 polares
764 1715 982 1747 similitudinis
1005 1715 1133 1747 directae
1154 1715 1210 1746 TT
1228 1721 1260 1746 et
1281 1714 1357 1746 T'Tl
1384 1716 1449 1746 cir-

105 1769 253 1801 culorum
279 1770 304 1801 C
319 1776 351 1801 et
367 1769 423 1800 C''.
450 1770 486 1800 20
506 1769 610 1800 Eti'am
634 1769 757 1812 polares
777 1769 995 1801 similitudinis
1018 1770 1146 1801 directae
1170 1775 1199 1799 tt
1217 1774 1249 1799 et
1268 1768 1317 1798 t't'
1340 1769 1448 1800 circu-

105 1823 211 1855 lorum
227 1824 252 1855 C
269 1830 301 1855 et
319 1822 364 1854 C'.
389 1823 423 1855 3⁰
439 1824 588 1866 Denique
603 1835 676 1855 axes
694 1823 846 1855 radicales
861 1824 927 1855 O'P
945 1830 977 1855 et
993 1823 1070 1854 O''P
1090 1821 1286 1853 circulorum
1302 1821 1328 1852 C
1339 1827 1372 1853 et
1388 1821 1446 1862 C'',

105 1878 130 1909 C
147 1884 179 1908 et
193 1877 240 1909 C'.
264 1878 311 1908 Ex
333 1889 428 1921 supra
445 1877 550 1917 dictis,
565 1877 620 1908 TT
631 1883 663 1909 et
679 1877 717 1908 O'
720 1878 744 1909 P
767 1884 843 1910 sunt
858 1884 953 1909 rectae
971 1876 1149 1918 homologae
1163 1874 1358 1907 circulorum
1375 1875 1400 1905 C
1414 1881 1447 1906 et

105 1931 140 1974 C,
151 1938 184 1963 et
196 1938 224 1962 tt
234 1938 266 1963 et
282 1931 331 1962 ΟΠ
334 1932 358 1962 Ρ
372 1938 447 1963 sunt
463 1932 558 1962 etiam
575 1937 669 1963 rectae
685 1931 862 1974 homologae
878 1930 1073 1962 circulorum
1089 1929 1113 1960 C
1124 1934 1157 1961 et
1168 1929 1220 1973 C,;
1234 1940 1310 1973 ergo
1323 1935 1445 1972 puncta

98 1998 126 2028 p
147 1992 179 2017 et
197 1987 222 2017 P
243 1987 507 2018 intersectionum
530 1987 662 2017 istarum
682 1992 862 2026 rectarum,
882 1990 957 2017 sunt
974 1989 1096 2027 puncta
1116 1982 1285 2027 homologa
1306 1982 1446 2014 circulo-

106 2051 179 2072 rum
204 2040 228 2072 C
248 2046 281 2072 et
302 2039 354 2083 C„
384 2039 533 2083 adeoque>
556 2046 641 2072 recta
657 2041 708 2083 pP
735 2052 792 2084 per
814 2045 962 2072 centrum
983 2037 1218 2080 similitudinis,
1239 2037 1272 2070 id
1300 2042 1362 2078 est,
1386 2047 1445 2080 per
