1747 2620
897 271 1009 315 (40)

743 405 908 438 CAPUT
954 407 1162 440 PRIMUM.

366 524 395 543 1'5
424 523 485 548 QUO
514 521 688 547 INQUIRITUR
719 522 748 540 IN
779 520 953 541 ARGUMENTl
981 522 1131 543 1118TOR1C1
1156 523 1211 544 VIM
1235 523 1272 543 ΕΤ
1299 523 1539 546 EFFICACITATEM.

327 619 473 651 Vidimus
495 618 558 663 jam
582 624 673 650 antea
696 625 853 662 quantum
874 620 1015 663 pretium
1037 631 1054 651 a
1071 619 1235 652 nonnullis
1256 620 1450 664 philosophis
1472 621 1548 653 huic
1565 634 1618 654 ar-

282 679 435 715 gumento
455 672 613 704 tributum
628 673 684 711 sit,
705 673 748 704 ita
766 679 817 712 ut,
834 673 865 704 in
882 684 946 716 quo
965 684 1074 705 omnes
1091 674 1223 705 omnino
1238 675 1438 706 consentiant
1453 675 1614 715 homines,

281 727 312 758 id
333 727 438 770 legem
462 737 528 758 esse
553 732 677 759 naturae
697 732 730 758 et
755 726 877 758 nullam
900 726 994 758 aliam
1023 727 1198 770 putandam
1222 729 1403 760 statuerint.
1431 729 1468 760 In
1495 729 1615 773 dijudi-

280 780 380 812 cando
410 786 518 812 autem
544 780 605 811 hoc
633 786 823 823 argumento
853 781 995 823 primum
1016 781 1192 814 videndum
1215 789 1277 823 est,
1303 795 1341 814 an
1368 782 1465 815 nullis
1484 784 1614 815 omnino

279 833 517 867 difficultatibus
539 833 677 874 laboret3
709 833 825 866 deinde
847 835 949 878 qualis
972 836 1012 867 sit
1034 835 1179 880 ejusdem
1201 837 1288 870 valor
1309 843 1341 869 et
1365 837 1501 881 pondus.

907 961 1001 1004 gl.

382 1069 422 1090 DE
451 1068 774 1090 DIFFICULTATIBUS
804 1069 927 1095 QUIBUS
958 1069 1027 1090 noc
1053 1069 1300 1091 ARGUMENTUM
1328 1070 1500 1092 LABonAT.

318 1155 440 1196 Quodsi
461 1155 560 1199 igitur
579 1156 759 1188 accuratius
776 1155 837 1187 hoc
857 1162 1086 1200 argumentum
1102 1157 1326 1200 inspiciamus,
1347 1158 1497 1189 strictiori
1516 1169 1612 1191 sensu

271 1210 453 1243 universale
480 1210 542 1241 dici
562 1210 686 1253 nequit.
719 1209 850 1240 Missum
871 1210 1003 1253 quidem
1026 1210 1079 1241 hic
1102 1211 1255 1243 faciamus
1277 1211 1359 1243 illud
1383 1211 1538 1253 dubium,
1570 1224 1611 1244 an

270 1277 334 1296 non
360 1266 496 1308 integrae
521 1264 724 1306 reperiantur
749 1263 910 1302 nationes,
942 1268 1006 1293 tam
1033 1263 1129 1294 rudes
1155 1264 1262 1296 adhuc
1285 1271 1317 1296 et
1347 1265 1500 1306 incultae,
1539 1277 1612 1309 quae

269 1319 393 1351 nullam
413 1319 542 1349 omnino
566 1316 813 1348 immortalitatis
835 1316 981 1346 notitiam
1004 1317 1239 1359 assequantur?
1265 1318 1336 1349 Rite
1359 1319 1446 1349 enim
1470 1325 1502 1349 et
1527 1319 1611 1362 juste

269 1372 363 1414 objici
385 1378 505 1416 potest,
532 1372 655 1403 etiamsi
674 1371 751 1403 tales
770 1371 996 1403 invenirentur
1016 1378 1143 1414 gentes,
1172 1383 1285 1404 earum
1308 1378 1416 1404 tamen
1437 1384 1611 1403 numerum

267 1438 334 1459 esse
360 1434 426 1459 tam
450 1428 626 1470 exiguum,
657 1433 695 1458 nt
721 1427 755 1458 in
781 1426 1050 1468 comparationem
1075 1437 1149 1458 cum
1177 1426 1341 1457 communi
1364 1426 1434 1456 fere
1461 1426 1608 1457 omnium

267 1492 346 1513 voce
373 1487 406 1513 et
432 1481 638 1512 consensione
663 1480 779 1512 adduci
812 1492 876 1512 non
903 1487 1076 1512 mereatur.
1121 1481 1256 1523 Insuper
1286 1480 1362 1511 licet
1391 1479 1453 1511 illae
1482 1485 1611 1511 careant

267 1535 374 1566 adhuc
394 1534 577 1566 nominibus
596 1541 629 1566 et
650 1534 797 1575 vocibus,
822 1534 940 1578 quibus
962 1535 1045 1565 hanc
1067 1535 1250 1577 opinionem
1270 1535 1473 1577 exprimant,
1500 1545 1608 1577 neque

265 1589 332 1620 ulla
351 1588 507 1633 ejusmodi
528 1589 739 1632 persuasionis
759 1590 929 1632 conspicua
951 1588 1115 1631 praebeant
1139 1589 1287 1632 vestigia,
1318 1588 1435 1620 exinde
1462 1588 1607 1620 nondum

265 1644 412 1686 sequitur
434 1655 563 1675 omnem
585 1645 622 1674 iis
647 1643 754 1675 deesse
775 1645 849 1676 vitae
876 1643 998 1675 futurae
1021 1643 1194 1674 notionem.
1225 1643 1267 1674 At
1292 1654 1368 1674 cum
1389 1642 1458 1673 aliis
1478 1653 1607 1685 quoque

264 1697 356 1729 nobis
380 1708 428 1729 res
450 1703 506 1729 est.
541 1697 644 1729 Fuere
669 1698 756 1729 enim
780 1698 864 1729 inter
888 1709 940 1729 eas
961 1699 1056 1729 etiam
1079 1698 1239 1737 nationes,
1264 1699 1297 1729 in
1323 1697 1441 1740 quibus
1467 1698 1607 1728 maxima

264 1752 386 1795 ingenii
410 1757 442 1783 et
463 1751 601 1783 culturae
625 1752 714 1795 quasi
736 1763 884 1783 mensura
904 1758 1062 1791 exstaret,
1090 1752 1178 1784 haud
1198 1752 1310 1795 pauci,
1338 1752 1394 1794 qui
1415 1751 1608 1782 immortali-

266 1812 363 1837 tatem
384 1806 482 1837 animi
503 1806 538 1837 in
557 1805 692 1838 dubium
712 1813 877 1845 vocarent,
898 1806 949 1838 wel
968 1807 1099 1837 omnino
1114 1812 1285 1850 negarent,
1308 1806 1366 1837 etsi
1384 1805 1465 1837 nulli
1483 1805 1608 1837 fuerint

265 1860 461 1903 philosophi,
484 1860 541 1903 qui
560 1861 681 1891 animos
697 1871 763 1892 esse
779 1860 940 1899 mortales,
963 1861 1057 1892 certis
1076 1872 1111 1891 ac
1130 1861 1313 1891 necessariis
1335 1860 1512 1891 rationibus
1529 1871 1606 1902 pro-

265 1914 341 1945 bare
359 1914 512 1947 valerent.
537 1915 585 1945 De
603 1915 767 1958 Leucippo
783 1921 815 1946 et
828 1915 1011 1946 Democrito
1026 1915 1099 1945 satis
1115 1920 1237 1946 constat
1254 1925 1306 1945 eos
1322 1915 1444 1945 animos
1457 1913 1605 1945 habuisse

264 1968 423 2000 mortales.
458 1968 540 2000 Cum
561 1969 647 2000 enim
671 1969 777 2000 omnia
802 1979 840 2000 ex
866 1969 977 2000 atomis
1004 1974 1166 2009 constent,
1194 1979 1246 2000 eas
1271 1979 1343 2011 quae
1370 1967 1516 2000 rotundae
1541 1968 1604 1998 sint

265 2023 460 2054 constituere
480 2022 560 2053 dixit
575 2023 715 2054 animam
730 2029 764 2054 et
780 2023 906 2066 ignem,
923 2034 995 2066 quae
1009 2033 1144 2066 nempe,
1166 2023 1319 2066 quoniam
1335 2028 1414 2054 teste
1435 2021 1603 2053 Aristotele

265 2077 411 2109 animum
436 2075 546 2108 docuit
571 2087 637 2107 esse
664 2076 773 2120 ignem
798 2076 970 2120 quemdam
991 2083 1024 2109 et
1045 2077 1200 2118 calorem,
1230 2089 1288 2121 pro
1312 2076 1422 2109 eodem
1446 2076 1604 2119 accepisse
