1747 2620
732 269 848 313 (45)

124 345 245 381 puncto
261 339 285 370 C
305 340 394 372 nulla
416 341 490 373 duci
509 342 606 385 possit
626 348 759 386 tangens
778 343 818 375 ad
837 355 968 377 curvam
986 346 1112 387 ABEF,
1133 353 1211 380 tunc
1231 361 1328 382 curva
1346 351 1462 394 polaris

122 394 283 436 reciproca
306 396 367 426 erit
386 395 504 439 ellipsis
525 396 576 428 vel
595 407 692 428 curva
715 397 749 427 in
770 398 871 440 spatio
892 399 982 430 finito
1004 411 1041 431 ac
1064 400 1274 434 determinato
1294 404 1460 448 descripta.

249 509 290 529 DE
329 510 431 531 POLIS
466 511 535 531 VEL
573 512 717 533 CENTRIS
755 513 798 533 ET
833 506 1027 536 POLARIBUS
1064 517 1331 539 SIMILITUDINIS.

167 590 249 622 Cum
267 597 450 624 centrorum
474 600 505 625 et
526 594 685 637 polarium
700 595 918 628 similitudinis
939 597 1078 638 theoria,
1096 599 1178 631 nihil
1194 601 1282 633 aliud
1301 602 1341 633 sit
1364 613 1460 645 quam

119 644 174 675 illa
201 645 235 675 in
263 646 518 688 praecedentibus
543 649 703 691 exposita,
730 655 763 680 et
790 650 830 681 ad
858 650 968 693 plures
995 652 1112 695 figuras
1138 654 1256 686 similes
1284 656 1460 698 applicata,

119 698 266 741 quaedam
288 699 327 730 de
349 699 409 731 hac
429 701 550 732 theoria
573 702 625 733 hic
645 702 779 743 addere,
800 716 815 734 a
838 706 1013 747 quaestione
1034 717 1098 737 non
1118 707 1260 739 alienum
1282 720 1348 740 esse
1368 716 1458 752 puto.

162 752 234 783 Sint
256 752 329 785 duae
345 760 439 786 rectae
460 755 514 785 AB
536 762 568 786 et
589 755 666 786 A'B'
687 756 763 800 (fig.
787 758 850 799 42)
871 759 954 789 inter
975 770 1007 790 se
1028 760 1204 802 parallelae3
1227 762 1290 794 duo
1311 769 1408 794 erunt
1427 765 1461 794 in

117 806 260 849 ipsorum
287 807 383 850 plano
408 815 545 851 puncta,
571 809 591 840 S
619 816 651 841 et
675 811 717 851 S',
741 822 879 854 quorum
905 812 944 844 ad
966 813 1039 844 istas
1064 820 1165 845 rectas
1188 815 1363 856 distantiae,
1387 817 1461 860 ipsis

117 862 212 892 rectis
238 861 292 892 AB
315 868 347 893 et
367 862 444 893 A'B'
469 870 565 895 erunt
586 866 846 908 proportionales.
873 867 1012 898 Evidens
1038 874 1085 899 est
1108 869 1165 900 ista
1195 871 1388 912 proprietas,
1416 872 1462 902 si-

116 914 248 957 quidem
270 916 303 946 in
325 918 457 960 trigonis
471 918 627 950 similibus
641 920 717 950 SAB
735 927 767 951 et
782 920 892 960 SA'B',
914 921 965 953 vel
986 921 1073 952 S'AB
1089 929 1121 954 et
1138 923 1259 963 S'A'B',
1275 924 1461 957 altitudines

116 975 193 1001 sunt
217 975 312 1001 rectae
337 970 531 1014 homologae‚
560 972 703 1016 adeoque
722 974 875 1005 lateribus
903 975 957 1006 AB
978 982 1011 1006 et
1031 976 1108 1007 A'B'
1132 979 1383 1021 proportionales
1401 979 1459 1022 (*).

160 1023 231 1054 Sint
252 1023 316 1055 duo
337 1024 495 1068 polygona
513 1025 623 1057 ABCD
643 1034 675 1058 et
692 1028 849 1059 A'B‘C'D'
868 1030 982 1061 similia
1003 1030 1080 1074 (fig.
1097 1031 1140 1072 42
1159 1038 1191 1063 et
1205 1033 1270 1076 43)
1290 1034 1324 1064 in
1348 1033 1460 1065 eodem

115 1075 212 1119 plano
231 1078 307 1108 sita:
330 1079 391 1109 erit
413 1079 447 1109 in
473 1080 617 1122 ipsorum
639 1081 735 1123 plano
763 1089 923 1125 punctum
951 1085 1086 1116 unicum
1115 1087 1148 1116 in
1175 1097 1239 1128 quo
1262 1094 1461 1119 concurrunt

115 1139 227 1161 omnes
247 1137 342 1162 rectae
364 1131 556 1176 liomologae,
581 1134 613 1164 id
636 1140 682 1165 est
705 1141 800 1166 rectae
820 1147 892 1178 quae
913 1144 1032 1179 puncta
1056 1138 1201 1170 similiter
1224 1140 1281 1171 sita
1304 1140 1457 1184 jungunt.

159 1183 290 1227 Reipsa,
312 1184 510 1228 polygonum
533 1185 690 1219 A'B'C'D'
715 1189 907 1221 considerari
929 1190 1047 1234 potest,
1076 1199 1112 1224 ut
1132 1193 1286 1237 projectio
1307 1195 1341 1226 in
1364 1195 1460 1238 plano

113 1236 246 1277 tabulae,
272 1240 421 1270 sectionis
438 1240 530 1272 factae
546 1241 579 1271 in
603 1242 768 1285 pyramide
791 1243 884 1287 cujus
900 1244 980 1276 basis
999 1246 1040 1277 sit
1060 1246 1256 1290 polygonum
1277 1248 1404 1289 ABCD‚
1427 1256 1460 1281 et

113 1296 193 1322 tunc
213 1292 344 1324 evidens
362 1299 409 1324 est
426 1299 528 1325 rectas
545 1294 623 1335 AA‘,
644 1295 721 1336 BB‘,
738 1302 799 1328 etc.
821 1309 892 1340 quae
914 1305 990 1330 sunt
1011 1299 1226 1343 projectiones
1245 1302 1386 1333 acierum
1406 1303 1459 1335 vel

113 1350 275 1376 aretarum
294 1345 375 1387 (des
393 1347 543 1390 arre‘tes)
558 1349 748 1392 pyraniidiS‚
772 1350 821 1383 vel
843 1352 1024 1394 generalius
1047 1364 1156 1385 omnes
1175 1360 1276 1385 rectas
1298 1367 1370 1398 quae
1394 1356 1458 1387 duo

112 1404 234 1440 puncta
252 1399 398 1432 similiter
417 1401 475 1432 sita
496 1401 656 1445 jungunt,
679 1405 712 1435 in
732 1406 865 1437 unicum
887 1413 1046 1449 punctum
1066 1408 1085 1438 S
1105 1408 1157 1440 vel
1171 1408 1202 1439 S'
1217 1409 1302 1452 quod
1320 1416 1367 1441 est
1381 1422 1458 1453 pro-

111 1451 207 1496 jectio
222 1454 350 1485 verticis
365 1455 507 1498 ejusdem
524 1458 714 1500 pyramidis,
733 1471 936 1492 concurrere.
956 1461 1016 1492 Ista
1036 1468 1155 1505 puncta
1172 1463 1192 1493 S
1211 1463 1261 1496 vel
1274 1463 1305 1494 S'
1320 1463 1395 1507 (fig.
1414 1464 1458 1504 42

112 1512 144 1537 et
163 1506 227 1548 43)
248 1507 402 1539 dicuntur
416 1510 495 1550 poli
517 1511 568 1543 vel
590 1518 703 1544 centra
723 1515 961 1547 similitudinis
985 1516 1125 1548 duorum
1138 1518 1397 1560 poiygonorzcm.

156 1560 188 1598 Si
214 1560 313 1592 latera
339 1561 506 1606 homologa
532 1565 646 1597 eodem
673 1567 767 1599 modo
793 1569 827 1600 in
855 1569 981 1601 duobus
1009 1570 1175 1615 polygonis
1197 1572 1261 1602 sint
1287 1571 1454 1615 disposita,

112 1619 192 1645 tunc
211 1614 368 1658 polygona
384 1622 460 1647 sunt
475 1617 596 1649 directe
612 1620 726 1652 similia
744 1621 821 1665 (fig.
838 1622 881 1663 42
892 1623 918 1665 ):
935 1624 960 1654 si
975 1630 1083 1656 autem
1102 1624 1214 1656 eadem
1229 1625 1327 1656 latera
1343 1625 1455 1657 eodem

111 1667 206 1699 modo
227 1679 290 1699 non
313 1669 377 1700 sint
399 1669 545 1712 disposita
567 1671 643 1715 (fig.
666 1674 707 1713 43
721 1674 748 1716 )‚
773 1681 852 1707 tunc
874 1677 1030 1721 polygona
1055 1685 1131 1710 sunt
1160 1680 1289 1710 inverse
1313 1680 1454 1711 similia.

110 1721 148 1753 In
168 1723 272 1765 primo
294 1734 386 1763 casu,
409 1729 557 1755 centrum
578 1725 598 1755 S
619 1726 854 1770 similitudinis,
876 1731 938 1762 erit
958 1731 1151 1774 generaliter
1171 1739 1260 1764 extra
1283 1732 1347 1764 cluo
1362 1733 1455 1776 poly-

110 1788 193 1819 gona
214 1778 371 1820 positum;
396 1778 431 1809 in
456 1778 571 1810 ultimo
596 1787 705 1813 autem
730 1794 820 1823 casu,
849 1784 910 1815 erit
933 1785 1018 1817 istud
1039 1792 1198 1828 punctum
1221 1785 1253 1816 S'
1280 1787 1363 1818 intra
1389 1787 1453 1818 duo

109 1830 267 1874 polygona
285 1832 442 1874 positum:
459 1833 584 1864 vocavit
606 1834 721 1878 Monge
742 1842 902 1879 punctum
918 1838 937 1868 S
953 1838 1029 1881 (fig.
1047 1838 1113 1881 42)
1129 1844 1276 1870 centrum
1289 1841 1452 1871 similita—

110 1884 200 1915 dc'nis
233 1891 423 1923 externum,
466 1893 626 1930 punctum
657 1895 766 1926 autem
795 1890 827 1921 S'
858 1892 911 1934 fig.
938 1892 1003 1932 43,
1039 1898 1187 1924 centrum
1214 1894 1451 1925 similitudinis

111 1939 286 1970 internum.

153 1992 225 2023 DNS
243 1992 369 2025 Steiuer
389 1994 424 2025 in
446 1994 570 2027 diurnis
594 1998 784 2040 germanicis
804 1997 856 2029 Dj
880 1999 1000 2040 Crelle,
1024 2005 1146 2042 puncto
1165 2000 1185 2031 S
1208 2012 1325 2032 nomen
1347 2002 1451 2032 centri

107 2068 1433 2084 Ἢ

169 2107 212 2136 (*)
229 2107 293 2130 Vide
313 2108 338 2131 in
354 2107 402 2131 fine
418 2108 597 2133 adnotationes.
