1747 2620
722 245 837 289 (59)

107 319 132 351 si
155 318 233 362 quid
256 318 361 351 valere
382 319 496 359 velint,
524 324 616 351 antea
642 317 704 363 jam
727 318 787 350 hac
811 319 851 351 de
877 331 911 352 re
934 322 1171 364 persuasionem
1194 323 1324 357 aliunde
1347 333 1449 360 ortam

107 372 214 404 adesse
234 372 365 412 debere3
386 384 451 404 non
470 379 578 405 tamen
595 379 660 411 est,
683 373 769 416 quod
790 385 828 405 eo
849 374 1013 407 doleamus
1036 376 1087 408 vei
1104 377 1136 408 id
1157 384 1271 409 nostrae
1291 383 1451 424 tranquil-

107 426 189 458 litati
210 426 349 469 fideique
371 433 485 458 nostrae
504 438 620 458 nocere
641 434 804 471 putemuS.
833 429 1042 462 Manifestum
1063 433 1149 463 enim
1170 439 1231 473 est,
1255 445 1320 465 non
1343 438 1449 468 onmia

108 481 306 523 argumentis
328 481 510 513 theoreticis
531 493 620 525 posse
645 482 871 525 demonstrari,
895 490 928 516 et
949 484 1031 516 illud
1052 486 1174 529 ipsum,
1196 488 1281 530 quod
1303 490 1449 532 quaedam

107 544 174 565 esse
189 534 332 566 dicamus
347 546 418 578 quae
435 535 738 569 demonstrationem
757 539 898 580 capiant,
914 540 987 569 satis
1002 539 1245 586 indicat‘adesse
1263 542 1321 574 alia
1335 545 1430 576 etiam
1441 570 1449 586 ‚

105 600 177 631 quae
197 588 339 632 ejusdem
365 601 430 620 non
456 596 535 622 sunt
559 602 699 634 capaceS.
728 592 834 635 Atque
863 603 973 623 revera
999 600 1075 624 sunt
1097 593 1254 636 ejusmodi
1279 608 1347 638 res,
1378 610 1450 642 quae

105 643 255 676 certiores
275 649 352 675 sunt
372 649 405 675 et
420 644 568 676 clariores
586 657 682 688 quam
705 652 743 677 ut
763 646 1033 678 demonstratione
1051 648 1264 681 evidentiores
1284 652 1352 683 fieri
1375 665 1450 696 pos-

103 696 178 728 sint.
206 696 328 735 Quodsi
351 697 417 729 huc
438 704 525 730 recte
542 699 734 730 referuntur
757 710 807 730 res
828 699 909 740 illae,
941 712 1079 743 quarum
1105 704 1279 735 arctissima
1304 713 1351 737 est
1375 719 1449 739 cum

101 750 170 792 ipsa
191 756 305 782 natura
327 751 469 783 humana
490 751 691 796 conjunctio,
715 754 855 788 maximo
874 754 1005 797 quidem
1026 755 1099 800 jure
1119 757 1273 799 placitum
1295 759 1393 801 illud,
1409 761 1449 794 de

103 814 168 846 quo
187 805 329 847 agimus,
353 804 419 836 huc
448 807 611 848 pertinere
632 806 814 849 putandum
835 813 892 839 est.
921 808 970 840 Ne
989 811 1076 841 enim
1102 810 1141 842 de
1161 811 1260 854 hujus
1282 816 1450 848 sententiae

103 857 278 890 commodis
299 864 331 889 et
355 857 559 902 jucunditate
581 858 770 903 loquamur,
798 861 872 893 satis
904 867 1063 894 testantur
1088 866 1255 897 contrariae
1281 870 1449 901 sententiae

102 909 304 942 difficultates
325 917 358 943 et
381 911 514 951 damna,
540 911 639 955 hujus
660 913 706 943 rei
732 915 900 946 veritatem
928 917 1059 949 omnino
1087 917 1357 953 demonstratione
1382 934 1449 955 esse

100 963 255 1008 majorem
276 970 309 996 et
324 966 492 996 certiorem
510 976 607 1008 quam
629 971 666 997 ut
687 976 722 997 ea
743 966 897 1010 indigeat.
920 969 991 1001 Non
1012 970 1116 1003 solum
1137 973 1226 1004 nulla
1246 974 1366 1007 habent
1382 976 1448 1008 dis-

101 1019 276 1050 sentientes
290 1025 479 1062 argumenta
489 1044 497 1059 ‚
511 1019 629 1063 quibus
643 1032 732 1051 suam
747 1023 937 1053 sententiam
951 1024 1147 1066 prohabilem
1162 1027 1313 1069 reddant,
1325 1030 1447 1062 nedum

102 1071 339 1112 demonstrent,
359 1073 413 1104 sed
432 1083 542 1103 omnes
562 1072 659 1103 simul
679 1080 831 1105 evertunt
856 1077 1016 1118 cogitandi
1037 1079 1140 1122 leges,
1165 1092 1294 1113 omnem
1316 1084 1448 1128 religio-

99 1136 192 1163 nem,
216 1136 289 1167 quae
308 1126 377 1157 Deo
396 1136 454 1156 nos
473 1125 603 1170 subjicit
624 1132 722 1170 atque
742 1139 818 1160 eum
842 1131 946 1162 vereri
966 1130 1074 1175 jubet⁷
1096 1135 1303 1177 proculcant3
1326 1137 1447 1170 dulcis—

97 1178 210 1215 simam
242 1178 427 1211 hominibus
457 1179 535 1211 dum
566 1180 682 1213 vivunt
711 1193 823 1224 spem,
854 1184 1096 1228 maximamque
1120 1188 1155 1218 in
1181 1195 1283 1221 morte
1311 1190 1447 1224 demunt

96 1231 364 1273 consolationem3
396 1234 485 1265 omni
515 1245 642 1265 morum
670 1234 823 1267 doctrinae
849 1237 1059 1278 insidiantur,
1086 1246 1134 1280 et,
1164 1252 1235 1283 quae
1261 1245 1446 1278 societatem

96 1270 273 1322 humanam
287 1285 493 1331 conjungunt
509 1293 541 1319 et
558 1289 797 1334 constringunt,
813 1291 941 1322 vincula
958 1292 1000 1323 ita
1017 1293 1147 1326 solvunt
1160 1301 1192 1326 et
1207 1298 1337 1338 penitus
1352 1312 1446 1332 rum-

95 1350 173 1382 pere
199 1346 374 1381 conantur,
405 1347 444 1372 ut
468 1342 574 1373 omnia
605 1353 724 1385 susque
755 1343 860 1386 deque
888 1344 1088 1387 habeantur,
1120 1348 1221 1381 officia
1251 1359 1445 1394 praestentur

95 1393 203 1434 nulla,
230 1400 327 1437 atque
353 1394 393 1426 de
416 1406 536 1438 genere
556 1396 700 1428 humano
722 1403 755 1428 et
780 1399 929 1440 consilio,
962 1401 1001 1432 ad
1029 1403 1116 1445 quod
1144 1405 1212 1436 nati
1236 1412 1269 1436 et
1295 1407 1444 1441 destinati

94 1453 171 1484 sunt
186 1447 347 1488 homines,
369 1460 498 1492 prorsus
513 1450 553 1481 sit
571 1450 819 1494 desperandum.
844 1453 915 1485 Non
933 1455 975 1486 ita
993 1456 1154 1499 agendum
1170 1465 1234 1499 est3
1250 1460 1367 1493 suffieit
1383 1462 1443 1495 hac

96 1501 132 1532 in
155 1513 190 1533 re
207 1502 338 1537 rationis
358 1504 530 1535 auctoritas
552 1511 585 1536 et
600 1505 694 1546 fides,
716 1512 749 1538 et
770 1518 829 1539 cur
850 1508 963 1541 alienis
984 1510 1309 1555 demonstrationibus
1328 1522 1361 1557 et
1379 1523 1444 1549 tes-

96 1553 239 1585 timoniis
262 1555 364 1599 major
390 1556 468 1588 fides
491 1558 531 1589 sit
556 1558 702 1591 habenda
731 1572 828 1604 quam
854 1561 1180 1607 ejusmodi'veritati,
1205 1579 1302 1611 quam
1327 1571 1442 1603 intimo

96 1618 155 1639 suo
175 1608 275 1651 ipsius
295 1620 391 1641 sensu
412 1612 548 1654 quisque
571 1614 725 1656 percipit,
754 1626 819 1646 non
846 1616 950 1648 video.
983 1618 1051 1650 Hac
1076 1627 1163 1652 certe
1187 1622 1221 1652 in
1246 1634 1340 1656 causa
1363 1626 1442 1657 sub—

95 1660 232 1704 jectum,
248 1663 335 1705 quod
349 1665 516 1699 veritatem
535 1667 605 1698 vult
620 1679 806 1711 agnoscere,
824 1671 858 1701 in
875 1682 908 1703 se
926 1672 994 1715 ipso
1010 1684 1079 1705 eam
1096 1674 1315 1709 demonstrare
1329 1681 1440 1720 sentit,

97 1725 194 1757 quam
213 1717 239 1747 si
259 1717 331 1760 quis
349 1717 421 1749 ideo
442 1731 604 1752 assumere
622 1723 719 1764 nolit,
741 1726 893 1767 quoniam
913 1730 1112 1771 argumentis
1133 1741 1174 1761 ex
1194 1731 1290 1764 rebus
1310 1733 1441 1778 objectis

97 1770 209 1800 sumtis
239 1778 325 1803 certo
355 1773 475 1805 certius
504 1774 586 1806 effici
615 1779 752 1821 nequit,
782 1780 966 1822 periculum
992 1789 1040 1814 est
1064 1795 1106 1815 ne
1132 1784 1280 1817 divinum
1309 1789 1440 1820 rationis

98 1820 219 1854 donum
242 1830 338 1867 atque
354 1827 540 1860 interiorem
564 1832 766 1864 conscientiae
787 1833 958 1866 stimulum
979 1836 1098 1868 frustra
1120 1839 1289 1880 acceperit.

142 1875 211 1906 Etsi
230 1877 281 1908 vel
305 1882 466 1923 supersint
487 1882 690 1917 difficultates
715 1887 877 1930 quaedam,
900 1900 988 1932 quae,
1012 1891 1038 1920 si
1066 1891 1247 1924 animorum
1271 1893 1439 1927 immorta—

95 1928 219 1961 litatem
235 1931 409 1974 credimus,
431 1936 510 1969 solvi
528 1949 593 1969 non
612 1947 759 1982 possunt3
780 1941 830 1979 hae
849 1943 962 1983 etiam,
983 1945 1135 1986 quoniam
1151 1957 1261 1979 omnes
1276 1959 1316 1980 ex
1331 1957 1436 1982 nostra

94 1983 219 2016 inscitia
250 1987 513 2031 proficiscuntur,
542 1993 633 2025 nullo
667 1995 899 2038 impedimento
932 2008 998 2029 esse
1026 2006 1170 2042 possunt.
1207 2001 1317 2036 Fidem
1349 2006 1435 2037 enim

94 2048 229 2082 negare,
253 2041 340 2084 quod
362 2044 522 2086 quomodo
544 2058 594 2079 res
614 2048 648 2080 in
673 2049 821 2083 omnibus
843 2062 909 2083 sese
929 2051 1067 2095 habent,
1088 2054 1269 2100 intelligere
1290 2069 1435 2102 nequea—
