1747 2620
928 269 1041 314 (96)

315 346 384 378 fere
406 357 531 389 semper
556 351 589 377 et
613 345 725 389 pleura
750 350 783 376 et
806 343 975 388 pulmones
998 344 1057 387 ipsi
1078 344 1278 385 saucientur,
1305 344 1392 377 unde
1419 351 1506 388 patet
1532 344 1648 377 horum

316 411 507 443 organorum
525 399 633 442 plagas
648 410 814 442 nunquam
832 398 891 429 nisi
907 409 1003 440 quam
1022 398 1161 428 maxime
1174 398 1376 441 complicatas
1391 400 1526 430 existere
1548 410 1646 441 posse.

315 453 377 485 Hic
396 459 504 484 tamen
526 463 707 495 supponere
729 451 882 483 debemus
902 450 956 481 illa
979 462 1066 490 vasa,
1092 451 1151 482 nisi
1173 451 1253 492 sola,
1276 452 1387 484 saltem
1408 464 1505 496 quam
1524 452 1650 496 simpli-

315 508 438 539 cissima
464 506 706 549 complicatione
728 505 816 544 laedi,
840 511 943 547 utque
968 516 1022 544 eo5
1048 516 1112 548 quo
1136 504 1227 536 decet
1251 506 1362 537 ordine
1387 506 1648 550 progrediamur,

315 563 420 605 primo
448 561 487 592 de
511 560 634 591 arteriis
659 559 830 590 coronariis
855 570 957 590 sermo
979 559 1050 590 erit.

358 614 499 646 Effectus
523 625 562 645 ex
584 613 692 656 aperta
716 613 779 644 un&
802 612 942 645 alterave
963 611 1078 643 arteria
1100 612 1263 644 coronaria
1282 613 1384 644 cordis
1403 624 1540 656 sequens
1570 614 1648 646 erit:

313 669 441 712 sanguis
452 679 469 699 e
484 679 556 700 vase
572 679 628 699 suo
645 667 806 710 profluens
817 666 904 698 cordi
918 666 1061 698 debitum
1077 667 1315 698 nutrimentum
1332 666 1484 710 subripit,
1501 667 1649 711 illudque

313 733 469 765 organum
480 733 544 753 nou
558 721 618 752 cita
631 720 760 764 quidem
772 720 826 751 sed
839 720 925 751 lenta
936 726 968 751 et
980 720 1095 751 sensim
1108 721 1290 763 sensimque
1303 720 1474 752 accedente
1485 720 1649 753 debilitate

313 777 500 819 corripitur,
528 787 599 807 mox
621 775 749 806 muneri
767 786 824 805 suo
844 773 992 805 obeundo
1006 774 1109 816 impar
1130 775 1260 805 omnino
1280 774 1330 810 fit,
1351 774 1470 817 illeque
1492 780 1591 805 status
1611 785 1649 806 eo

314 841 416 872 usque
434 829 602 873 perdurat,
623 829 724 859 donec
744 828 872 859 tandem
889 828 1029 871 denique
1044 839 1097 859 cor
1113 828 1241 870 penitus
1257 827 1346 858 sileat
1359 834 1392 859 et
1407 839 1490 859 mors
1506 828 1646 866 accedat.

312 885 459 926 Longum
472 889 558 914 certe
574 883 793 924 requireretur
806 887 933 924 tempus
947 888 984 913 ut
996 882 1039 912 sic
1055 882 1152 912 totius
1165 882 1350 913 oeconomiae
1366 881 1511 912 animalis
1521 882 1650 925 sanguis

311 948 350 968 ex
372 938 468 968 unica
490 937 549 967 hac
565 936 679 967 arteria
696 935 858 967 efflueret:
875 935 929 966 sed
945 937 1091 978 protinus
1106 946 1142 966 ac
1155 935 1283 976 sanguis
1298 946 1315 965 e
1331 946 1402 966 vase
1418 935 1472 966 illo
1490 935 1649 966 delabitur

311 991 371 1021 alia
394 1002 522 1033 prorsus
544 995 683 1030 surgunt
701 995 930 1033 symptomata:
955 988 1116 1032 colligitur
1137 999 1254 1031 nempe
1275 987 1360 1019 latex
1382 988 1485 1019 vitalis
1506 989 1539 1019 in
1560 990 1648 1031 peri-

312 1045 437 1084 cardio,
468 1044 549 1075 illud
570 1045 693 1083 irritat,
722 1044 755 1074 in
779 1055 832 1074 cor
861 1043 914 1074 hic
939 1054 1003 1074 non
1029 1042 1123 1073 modo
1143 1041 1303 1073 incumbit
1332 1042 1479 1085 illudque
1504 1042 1648 1083 vellicat,

311 1098 366 1129 sed
395 1099 547 1129 continuo
569 1108 694 1139 semper
718 1107 908 1139 semperque
932 1095 1051 1140 majore
1072 1095 1165 1127 fluxu
1190 1107 1287 1127 ruens
1313 1107 1440 1128 saccum
1463 1097 1564 1128 cordis
1585 1097 1650 1128 im-

310 1151 396 1194 plet,
424 1150 591 1189 distendit,
619 1161 672 1181 cor
696 1150 830 1192 premit,
862 1147 930 1192 ejus
959 1149 1142 1180 functiones
1165 1149 1339 1189 disturbat,
1364 1156 1397 1181 et
1421 1150 1580 1181 horrenda
1604 1151 1648 1182 sic

310 1210 521 1247 symptomata
548 1214 719 1245 provocare
745 1202 857 1234 debet:
887 1203 1032 1245 quinimo
1058 1203 1083 1234 si
1103 1203 1203 1234 nimia
1228 1203 1267 1234 sit
1292 1202 1390 1246 hujus
1411 1204 1445 1234 in
1469 1204 1648 1246 pericardio

311 1258 412 1288 tensio
443 1256 524 1287 illud
554 1266 707 1298 rumpere
728 1255 828 1295 valet,
853 1256 887 1286 in
909 1255 1061 1286 Thoracis
1084 1267 1199 1288 cavum
1221 1263 1407 1299 penetrare,
1435 1263 1467 1288 et
1491 1258 1585 1289 variis
1604 1258 1649 1288 sic

310 1321 494 1353 oppressus⁷
516 1308 721 1352 infandisque
737 1309 915 1352 exagitatus
935 1309 1097 1341 doloribus
1116 1310 1155 1342 ad
1176 1322 1288 1342 orcum
1305 1310 1465 1342 delabitur
1482 1317 1648 1354 aegrotans.

310 1364 431 1403 Quodsi
445 1369 552 1395 autem
569 1363 687 1395 vulnus
705 1363 877 1404 arteriolae,
899 1370 1066 1407 postquam
1083 1364 1225 1396 multum
1244 1365 1409 1408 sanguinis
1419 1365 1649 1408 suppeditave—

310 1419 367 1458 rit,
395 1417 459 1449 una
481 1417 582 1449 alizive
609 1417 702 1449 causa
724 1417 928 1458 obliteretur‚
951 1418 994 1448 ita
1019 1423 1056 1449 ut
1082 1418 1164 1450 nihil
1188 1419 1326 1462 amplius
1346 1419 1489 1450 humoris
1514 1419 1646 1460 fundat,

310 1478 388 1503 tunc
415 1471 521 1502 adhuc
542 1471 664 1502 adesset
686 1471 879 1504 inevitabilis
907 1472 1017 1503 mortis
1041 1473 1205 1515 prognosis
1230 1483 1332 1515 quum
1352 1472 1481 1514 sanguis
1502 1473 1536 1502 in
1560 1474 1648 1515 peri—

310 1525 416 1556 cardio
447 1524 598 1556 collectus
624 1531 657 1556 et
686 1536 741 1556 cor
766 1531 799 1556 et
820 1525 1035 1568 pericardium
1059 1526 1092 1556 in
1117 1525 1404 1556 inflammationem
1428 1525 1647 1558 inevitabilem

308 1585 452 1622 raperet,
474 1578 628 1610 carditem
645 1585 677 1610 et
697 1579 921 1622 pericarditem
939 1579 1036 1611 nullis
1052 1579 1201 1610 remediis
1216 1578 1407 1618 tollendam,
1427 1578 1544 1621 (causa
1560 1580 1647 1611 enim

308 1643 434 1674 semper
462 1631 586 1674 aderit)
618 1638 651 1663 et
679 1643 743 1663 non
773 1633 833 1663 nisi
862 1639 966 1664 morte
993 1633 1126 1665 sauciati
1151 1632 1301 1676 plaudam
1330 1640 1535 1676 provocaret:
1563 1634 1645 1665 adde

309 1687 410 1717 varias
430 1685 704 1728 complicationeS,
729 1685 846 1729 quibus
866 1686 935 1718 haec
958 1686 1092 1718 vulnera
1117 1698 1243 1730 semper
1269 1688 1445 1730 stipantur,
1469 1699 1506 1718 eo
1527 1689 1646 1720 certius

309 1750 412 1782 eoque
435 1739 613 1781 promptius
634 1738 760 1771 lethum
789 1741 991 1782 portendere.
1023 1741 1080 1772 Illa
1104 1741 1339 1785 haemorrhagia
1364 1753 1465 1785 quum
1489 1742 1646 1774 medentis

308 1793 430 1824 nullius
460 1803 592 1823 manum
624 1792 772 1824 admittat
799 1795 955 1837 compesci
986 1796 1124 1838 nequit,
1156 1806 1262 1838 neque
1296 1794 1353 1826 sua
1383 1801 1495 1837 sponte
1524 1807 1645 1828 cessare

309 1852 429 1890 potest,
451 1852 649 1878 asseverante
678 1848 763 1877 enim
784 1847 965 1879 Riclieraud
985 1848 1047 1890 (1),
1068 1849 1192 1880 arteriae
1214 1848 1321 1879 hiatus
1340 1859 1466 1892 semper
1487 1849 1645 1893 in'majus

307 1901 462 1933 volumen
482 1911 666 1932 excrescere
685 1907 834 1942 conatur,
854 1903 970 1945 partim
991 1913 1048 1945 per
1060 1903 1286 1934 retractionem
1304 1901 1455 1934 fibrarum
1471 1904 1645 1935 contracti-

308 1955 390 1987 lium
410 1955 444 1986 in
464 1953 533 1998 ejus
553 1960 680 1986 textura
706 1954 889 1997 obvim-um,
913 1957 1029 1999 partim
1054 1967 1112 1999 per
1133 1955 1359 1999 impulsionem
1380 1957 1544 2000 sanguinis
1569 1968 1643 2000 quae

370 2078 404 2108 (1)
421 2077 514 2110 Nosog.
535 2078 616 2108 chir.‚
636 2078 709 2110 chap.
726 2080 752 2103 4.
