1747 2620
682 255 794 298 (2³)

82 341 152 366 tum
173 334 350 371 transferri3
376 337 413 363 ut
436 331 534 373 igitur
554 329 593 360 ab
612 329 661 360 his
678 339 716 359 ex
741 327 959 358 translatione
974 328 1182 356 exerceantur
1200 321 1315 352 summi
1336 321 1397 351 im-

82 388 162 430 perii
187 386 271 430 jura,
300 396 371 428 quae
391 385 549 425 primitus
578 382 662 425 apud
689 383 772 413 cives
793 381 915 412 fuerint
936 379 1108 411 universos
1138 376 1244 414 Quam
1268 373 1396 415 quidem

83 445 267 478 erroneam,
298 444 336 469 ut
363 437 442 468 mihi
473 436 619 475 videtur,
642 436 831 477 opinionem
859 433 959 464 secuti
986 437 1061 462 sunt
1090 429 1252 463 Hohhes,
1284 426 1395 461 Loke,

82 493 275 528 Rousseaa,
293 497 326 522 et
344 490 460 533 reliqui
476 500 600 528 omnes,
621 489 677 531 qni
696 493 765 530 post
783 487 852 518 illos
871 497 979 517 rerum
1002 483 1201 527 publicarum
1221 486 1253 511 et
1272 479 1398 521 imperii

83 545 291 577 fundamenta
314 545 348 575 in
373 543 582 575 conventione
607 547 791 584 posuerunt.

127 598 237 637 Quum
255 597 409 628 societatis
425 596 525 628 civilis
539 595 734 638 propositum
751 593 885 624 obtineri
901 593 994 635 plane
1014 602 1078 621 non
1097 589 1205 632 possit,
1226 588 1250 617 si
1268 584 1399 627 singulis

83 651 172 682 sociis
192 655 349 692 competat
368 649 418 692 jus
437 650 559 691 privato
579 648 695 691 judicio
720 645 950 677 determinandi
971 644 1073 675 media
1095 642 1133 673 ad
1154 638 1399 683 promovendam

85 703 218 734 salutem
239 713 441 733 communem
458 701 648 740 adhibenda,
670 706 765 742 atque
781 700 850 731 haec
870 698 971 729 media
992 696 1121 739 privatis
1136 693 1255 725 viribus
1276 691 1314 722 ad
1334 701 1401 721 rem

85 762 117 787 et
131 756 279 787 effectum
297 755 507 798 perducendi3
527 765 653 785 necesse
673 754 801 784 omnino
820 758 881 791 est,
903 757 941 782 ut
956 749 1073 793 singuli
1089 748 1282 779 voluntatem
1303 745 1401 775 vires*

85 820 149 851 qne
179 820 250 840 suas
279 810 312 839 in
340 808 435 839 rebus
463 807 625 846 omnibus,
654 817 725 849 quae
757 806 795 836 ad
825 814 994 836 commune
1024 801 1189 833 consilium
1220 799 1402 841 pertinent,

85 861 241 893 voluntati
268 867 300 891 et
325 862 355 892 vi
381 871 535 903 supremae
560 859 743 902 subjiciant:
770 859 811 889 ita
836 864 873 889 ut
898 857 974 887 hnic
1001 855 1057 886 soli
1081 863 1261 885 concessum
1289 851 1328 880 sit
1354 849 1403 891 jus

85 914 189 945 media
208 913 247 945 ad
263 913 521 956 consequendum
542 912 675 943 civitatis
690 912 784 941 finem
802 910 974 941 necessaria
990 907 1128 950 eligendi
1144 911 1176 936 et
1191 901 1401 946 exsequendi3

86 966 204 1008 singuli
238 977 313 998 vero
346 976 454 996 omnes
488 966 522 995 in
550 964 645 995 rebus
679 963 824 995 civilibus
853 963 999 1005 potestati
1032 970 1187 1002 supremae
1217 957 1403 999 obsequium

86 1024 246 1062 praestent.
268 1018 338 1050 Sol&
358 1019 456 1060 igitur
476 1017 719 1060 conjunctione,
739 1017 778 1047 ad
801 1015 1003 1046 condendum
1024 1013 1149 1045 civilem
1171 1017 1287 1042 statum
1309 1008 1403 1045 inita,

88 1072 171 1102 cives
199 1080 378 1112 supremam
402 1071 436 1100 in
463 1069 625 1111 republica
651 1075 836 1112 potestatem
862 1073 1052 1111 agnoscunt,
1078 1076 1212 1108 eamque
1236 1072 1404 1106 agnoscere

88 1123 219 1163 debent,
243 1129 281 1154 ut
301 1122 538 1153 consociationis
556 1123 751 1165 propositum
775 1127 992 1165 assequantur.
1014 1120 1126 1162 Neque
1147 1128 1222 1149 vero
1242 1126 1298 1158 per
1316 1114 1403 1145 illam

88 1175 342 1219 conjunctionem
359 1175 455 1206 solam
475 1175 552 1206 huic
569 1175 620 1207 vel
631 1175 686 1206 *illi
707 1187 847 1218 personae
866 1186 900 1206 se
920 1173 1087 1218 subjecisse
1108 1171 1237 1214 cogitari
1257 1173 1403 1211 possunt,

87 1239 187 1271 quum
207 1239 246 1259 ex
262 1239 315 1267 eo,
337 1228 422 1271 quod
442 1228 481 1259 ad
501 1228 709 1260 obtinendum
732 1228 915 1271 reipublicae
935 1228 1030 1258 finem
1048 1230 1185 1268 potestas
1201 1232 1349 1264 suprema
1366 1221 1406 1250 sit

86 1282 275 1320 necessaria,
302 1292 503 1324 nequaquam
524 1287 689 1324 sequatur,
715 1282 798 1312 hane
821 1281 871 1314 vel
892 1281 978 1312 illam
1003 1290 1185 1322 personam,
1211 1274 1404 1317 singularem

86 1341 143 1366 aut
157 1334 307 1366 moralem
317 1358 325 1374 ,
341 1339 494 1377 potestate
509 1334 563 1365 illa
579 1334 696 1365 debere
709 1334 855 1365 indutam
870 1344 946 1365 esse.
963 1333 1073 1374 Itaque
1089 1335 1223 1373 potestas
1239 1338 1404 1370 suprema,

88 1387 179 1430 cnjus
197 1388 411 1419 necessitatem
430 1388 513 1418 cives
531 1387 595 1417 solo
615 1386 846 1430 conjunctionis
866 1387 950 1417 facto
969 1389 1185 1428 agnoverunt,
1206 1381 1350 1412 nondum
1370 1380 1405 1409 in

87 1451 196 1471 rerum
219 1446 352 1478 natura,
380 1439 434 1470 sed
459 1445 583 1470 tantum
613 1440 719 1470 animo
747 1445 897 1482 concepta
926 1439 1056 1470 exsistit.
1089 1437 1135 1467 Ut
1165 1436 1264 1477 igitur
1296 1443 1405 1464 revera

90 1493 230 1531 exsistat,
255 1497 353 1534 atque
374 1492 407 1522 in
431 1492 526 1523 vitam
551 1492 642 1534 quasi
665 1491 812 1534 prodeat,
837 1502 964 1523 necesse
986 1496 1049 1530 est,
1076 1495 1114 1520 ut
1137 1488 1190 1519 illa
1215 1485 1406 1518 concedatur

89 1555 229 1587 personae
242 1543 383 1583 cuidam,
401 1546 469 1577 sive
487 1544 639 1587 singulari
655 1545 722 1576 sive
739 1544 866 1585 morali3
887 1544 973 1587 quod
988 1554 1062 1576 vero
1082 1553 1146 1573 non
1165 1541 1225 1573 nisi
1242 1538 1407 1570 communi

91 1597 208 1629 civium
236 1607 392 1629 consensu
422 1597 491 1628 fieri
514 1603 624 1640 potest.
656 1597 739 1628 Hinc
764 1598 905 1628 universi
929 1596 1105 1627 consentire
1132 1593 1267 1630 debent,
1295 1597 1333 1623 ut
1357 1590 1408 1622 vel

89 1661 191 1690 unm,
215 1650 267 1683 vel
298 1650 428 1693 plures,
458 1650 510 1682 vel
536 1661 647 1682 omnes
675 1651 760 1682 cives
788 1661 950 1681 summum
979 1650 1014 1679 in
1041 1646 1204 1690 republica
1235 1644 1407 1687 imperium

90 1708 231 1734 teneant.
249 1703 373 1741 Quodsi
393 1714 472 1735 vero
489 1703 557 1734 haec
576 1704 619 1734 ita
639 1714 675 1734 se
700 1703 853 1742 habeant,
878 1704 949 1746 quis
970 1708 1035 1741 est,
1056 1702 1112 1744 qui
1134 1712 1200 1733 non
1219 1699 1341 1738 videat,
1362 1697 1406 1728 ab

92 1756 235 1798 origine,
258 1756 320 1787 hoc
340 1763 405 1795 est,
430 1757 549 1788 remota
571 1756 624 1787 illa
645 1757 800 1788 sociorum
828 1757 1056 1796 conventione,
1078 1755 1145 1799 qua
1170 1755 1339 1786 constituta
1359 1757 1407 1787 est

91 1808 274 1851 imperantis
287 1818 434 1852 persona,
451 1810 495 1840 ab
508 1810 655 1852 origine,
674 1811 823 1852 inquam,
841 1810 982 1853 singulos
997 1810 1080 1842 cives
1095 1820 1160 1839 non
1175 1809 1275 1850 magis
1291 1807 1407 1842 dehere

91 1862 261 1919 universis,
284 1873 378 1905 quam
398 1864 455 1895 uni
468 1863 655 1906 pluribusve
674 1863 828 1895 obedire?
845 1864 951 1903 Quam
969 1862 1010 1894 ob
1029 1873 1171 1900 causam,
1192 1867 1229 1892 ut
1242 1871 1406 1895 summum

90 1914 260 1972 imperium
275 1914 310 1945 in
324 1915 485 1957 republica
500 1923 657 1959 competat
674 1917 798 1950 civibus
813 1917 948 1961 junctim
964 1917 1074 1952 sumtis
1086 1940 1094 1955 ,
1114 1915 1174 1946 hue
1185 1921 1250 1957 oet⁵
1267 1915 1385 1957 populo
1396 1939 1404 1953 ‚

90 1967 221 2008 singulis
242 1973 351 1999 'autem
374 1969 538 2001 incumbat
560 1970 708 2014 obligatio
734 1971 891 2003 voluntati
916 1970 1060 2005 omnium
1085 1968 1233 2012 paneadi,
1258 1979 1337 2011 opus
1359 1973 1406 1998 est

74 2049 76 2052 >
90 2020 312 2060 cfflvefltisfflea
333 2031 396 2063 qva
413 2032 595 2065 supremam
610 2029 798 2067 potestatem
811 2023 929 2067 singuli
944 2023 1109 2060 conferant
1123 2023 1158 2054 in
1172 2022 1350 2060 universos,
1373 2027 1405 2051 et
