1747 2620
899 257 1034 300 (1528)

299 336 476 368 delabatur.
506 334 601 366 Illum
629 344 760 376 scopum
782 337 819 363 ut
846 331 1040 374 attingamus
1065 329 1128 361 duo
1149 334 1224 360 sunt
1249 328 1370 360 media:
1400 329 1489 371 prius
1517 328 1635 361 scilicet

301 391 415 434 saepius
436 390 452 420 a
473 388 605 420 Desault
626 388 690 418 fuit
712 388 831 429 optimo
854 396 928 416 cum
952 394 1098 415 successu
1117 381 1297 413 adhibitum
1313 382 1359 424 (1)
1380 383 1413 413 in
1439 393 1475 413 eo
1497 383 1637 413 consistit

300 451 338 477 ut
357 443 478 488 specilli
500 442 618 473 elastici
645 451 704 483 ope
726 439 891 482 potulenta
915 438 1089 469 nutrientia
1115 448 1153 467 ex
1176 437 1237 468 oris
1261 448 1337 468 cavo
1362 437 1395 467 in
1419 436 1636 468 ventriculum

300 498 548 534 transferantur,
573 494 692 536 absque
713 503 749 523 eo
769 497 805 523 ut
825 492 858 522 in
879 491 1022 521 Thorace
1047 491 1194 530 estluant3
1222 491 1378 533 posterius
1397 497 1505 521 autem
1530 502 1545 520 a
1568 490 1637 521 chi-

300 562 398 594 rurgo
418 551 526 592 Payen
546 548 684 579 maximo
706 546 825 577 iterum
845 555 918 576 eum
938 555 1086 575 successu
1102 545 1136 575 in
1155 555 1250 575 usum
1269 551 1416 576 vocatum
1433 544 1513 575 fuit:
1530 544 1639 575 Diaetae

301 606 420 637 scilicet
452 615 547 647 quam
580 601 761 633 arctissimae
792 611 849 643 per
880 599 1001 642 aliquot
1029 598 1095 629 dies
1124 598 1300 629 sauciatum
1334 597 1479 629 submisit
1492 622 1500 637 ⁷
1538 597 1638 628 donec

303 659 450 691 cicatrice
475 657 652 689 obductum
680 655 780 686 fuerit
805 653 942 685 vulnus:
970 652 1052 683 illud
1078 652 1214 691 factum,
1242 663 1258 682 a
1286 651 1389 693 Boyer
1410 652 1457 694 (2)
1483 651 1639 691 relatum,

302 720 427 746 tantum
440 714 474 744 in
490 712 611 744 ultimae
623 710 780 753 opinionis
794 709 958 740 veritatem
971 706 1099 750 probat,
1117 712 1152 737 ut
1165 705 1389 747 memetipsum
1403 716 1466 735 non
1478 706 1639 747 potuerim

303 767 460 811 impedire
475 766 648 809 quominus
663 763 743 795 illud
760 763 922 794 succincte
937 761 997 792 hoc
1014 760 1083 791 loco
1100 758 1360 791 transcriberem:
1379 770 1397 790 «
1410 759 1544 790 Juvenis
1562 769 1640 789 xxw

305 834 323 853 ))
340 832 438 852 annos
454 825 564 857 natus,
582 817 709 849 robusta
726 817 952 847 constitutione
968 814 1103 845 donatus
1123 813 1240 845 vulnus
1255 813 1378 855 accepit
1394 812 1483 843 siccae
1497 812 1642 853 (bayon—

306 888 324 906 ))
341 874 449 916 nette)
471 874 504 904 in
534 871 725 903 anteriorem
749 875 781 900 et
806 869 1003 911 superiorem
1029 868 1165 910 pectoris
1189 873 1330 909 partem⁷
1358 866 1486 908 aufugit
1509 867 1641 909 fugien-

306 942 325 961 ))
343 929 448 971 doque
473 926 602 958 nullum
633 924 777 968 percepit
805 923 962 962 dolorem3
995 922 1146 952 advocato
1173 921 1296 963 Payen⁷
1323 921 1500 951 sauciatum
1527 919 1642 962 magnii

306 995 326 1014 ))
342 983 504 1014 anxietate
527 981 560 1011 in
585 979 668 1010 latus
693 977 844 1008 dextrum
867 974 1133 1019 procumbentem
1155 980 1188 1004 et
1209 973 1248 1004 de
1268 984 1383 1016 magno
1407 973 1441 1003 in
1466 972 1520 1003 illo
1545 972 1645 1004 latere

308 1049 328 1069 ))
345 1036 452 1068 dolore
464 1038 714 1077 conquerentem
728 1031 824 1070 vidit,
840 1030 1025 1072 vulnusque
1039 1028 1203 1070 conspexit
1214 1026 1383 1070 angulare,
1399 1027 1483 1057 inter
1498 1032 1645 1069 quartam

309 1103 328 1122 ))
344 1096 376 1122 et
391 1090 536 1132 quintam
552 1092 687 1125 costam,
703 1086 799 1117 unico
817 1083 930 1127 pollice
946 1094 962 1113 a
978 1088 1084 1113 sterno
1100 1081 1233 1121 distans,
1250 1080 1337 1124 quod
1352 1091 1467 1123 parum
1482 1081 1645 1122 sanguinis

310 1143 495 1182 »fuderat,
526 1140 672 1183 quamvis
700 1138 740 1169 ad
766 1139 828 1168 ima
857 1141 1097 1179 penetraverat,
1129 1134 1215 1177 quod
1244 1134 1398 1165 ultimum
1423 1145 1462 1164 ex
1490 1135 1563 1165 aere
1587 1133 1647 1165 sub

308 1210 328 1229 ))
344 1197 422 1228 tussi
443 1201 475 1226 et
494 1194 693 1236 expiratione
712 1196 943 1234 prorumpente
964 1190 1174 1232 conspicuum
1198 1195 1277 1220 erat.
1305 1188 1499 1219 Penicillum
1522 1187 1648 1230 liquore

308 1264 327 1283 ))
343 1249 514 1283 resolventi
537 1246 702 1278 madidum
726 1244 852 1277 vulneri
873 1244 938 1275 fuit
957 1244 1153 1286 applicatum
1174 1248 1206 1273 et
1229 1241 1313 1273 binae
1333 1241 1469 1273 fuerunt
1494 1242 1649 1272 institutae

310 1317 329 1337 ))
346 1315 436 1337 venae
464 1301 618 1333 sectiones
638 1300 722 1329 intra
752 1299 852 1327 trium
876 1297 1029 1328 horarum
1054 1296 1204 1338 spatium.
1238 1294 1400 1337 Sequente
1423 1294 1475 1325 die
1501 1294 1561 1325 alia
1585 1294 1650 1326 fuit

312 1372 330 1392 »
346 1357 529 1402 praescripta
554 1364 643 1387 venae
668 1352 765 1384 sectio
789 1356 822 1382 et
847 1349 910 1394 jam
936 1360 1001 1379 non
1023 1350 1177 1390 ampliuS‚
1202 1355 1241 1379 ut
1261 1354 1371 1387 antea,
1398 1354 1491 1390 sputa
1516 1354 1650 1380 cruenta

313 1410 513 1446 »emittebat
538 1408 709 1440 sauciatus.
735 1404 843 1436 Tertia
865 1403 882 1433 a
903 1401 1039 1434 vulnere
1059 1407 1190 1444 accepto
1211 1400 1279 1441 die,
1308 1400 1412 1431 ablato
1440 1401 1607 1443 pedicillo,
1633 1413 1651 1433 e

313 1480 332 1500 ))
348 1466 441 1511 plaga
457 1464 582 1496 effluxit
601 1462 708 1505 liquor
728 1459 826 1492 ruber
842 1457 998 1489 minorem
1014 1466 1111 1498 quam
1126 1455 1254 1498 sanguis
1273 1455 1508 1486 consistentiam
1530 1455 1651 1487 hahens

314 1533 333 1553 >>
349 1526 382 1552 et
401 1517 577 1550 abundans.
603 1516 762 1557 Tempore
779 1512 960 1554 vespertino
980 1509 1123 1553 ejusdem
1145 1508 1209 1540 diei
1228 1508 1339 1539 similis
1358 1509 1524 1540 evacuatio
1542 1508 1651 1540 Iocum

314 1586 333 1606 ))
349 1572 479 1612 habuit,
499 1577 532 1603 et
550 1569 733 1601 liberiorem
751 1565 890 1598 reddidit
904 1563 1159 1606 respirationem:
1178 1562 1285 1594 fluxus
1299 1562 1354 1593 ille
1373 1573 1431 1606 per
1451 1562 1567 1594 multos
1583 1562 1650 1594 dies

315 1640 333 1660 >)
351 1625 466 1669 magna
486 1625 665 1667 quantitate
685 1619 908 1658 continuabat,
932 1617 1078 1661 quamvis
1098 1623 1253 1660 aegrotans
1273 1616 1415 1649 multum
1434 1616 1558 1649 biberet
1576 1617 1652 1649 lotia

317 1694 336 1714 ))
354 1692 423 1713 rara
451 1683 542 1710 erant
567 1682 599 1708 et
621 1675 798 1707 sedimento
828 1672 972 1704 obcessa:
1003 1677 1082 1703 tunc
1106 1671 1238 1702 demum
1269 1672 1446 1715 suspicatus
1471 1677 1518 1702 est
1543 1673 1652 1714 Payen

318 1748 338 1768 ))
353 1743 502 1777 magnam
522 1729 637 1774 liquidi
658 1729 871 1772 quantitatem
891 1738 949 1770 per
964 1725 1082 1759 vulnus
1104 1725 1318 1769 profluentem
1342 1726 1360 1756 ὲ
1381 1725 1554 1768 potulentis
1574 1737 1654 1769 sup-

319 1804 338 1823 »
354 1787 508 1834 peditari,
527 1796 600 1829 quae
619 1795 685 1815 non
702 1784 737 1814 in
758 1781 992 1821 ventriculum,
1013 1780 1068 1811 sed
1088 1791 1146 1823 per
1167 1780 1309 1812 vulneris
1329 1780 1487 1811 orificium
1508 1780 1543 1810 in
1565 1779 1654 1810 Tho-

320 1857 340 1877 »
355 1854 460 1876 racem
476 1837 711 1872 descendebant
723 1848 763 1868 ex
778 1836 986 1879 OEsophago:
1005 1834 1103 1878 hujus
1114 1835 1161 1866 rei
1176 1840 1212 1866 ut
1224 1834 1339 1866 certior
1350 1834 1456 1873 fieret,
1472 1833 1656 1876 propinavit

320 1897 495 1931 »sauciato
524 1893 668 1937 potiones
696 1891 814 1923 oleosas
846 1890 1175 1933 mucilaginosasque‚
1208 1899 1280 1931 quae
1309 1898 1419 1919 omnes
1452 1897 1493 1918 ne
1522 1887 1656 1918 minime

321 1951 488 1996 »quidem
515 1952 647 1980 mutatae
674 1957 692 1978 e
723 1945 858 1979 vulnere
885 1944 1026 1977 exibant.
1059 1943 1247 1975 Examinat&
1271 1942 1367 1984 sicca,
1400 1947 1584 1974 autumatus
1609 1947 1656 1972 est

322 2017 1643 2036 βμ-

382 2066 427 2096 (1)
442 2065 540 2088 OEuvres
558 2063 636 2093 chin,
652 2066 711 2087 tom.
728 2063 763 2085 11.

380 2108 426 2138 (2)
441 2106 535 2137 Boyer,
551 2104 569 2130 l.
585 2104 618 2135 L,
640 2108 700 2128 tom.
717 2103 777 2127 V11.
797 2109 852 2134 pag.
868 2102 921 2133 275.
