1747 2620
889 241 1006 285 (56)

283 336 302 356 >>
319 320 414 355 bralis
434 320 572 353 refertus
591 322 658 350 erat
676 314 790 359 magna
811 316 974 358 sanguinis
993 316 1181 348 extravasati
1202 314 1312 358 copia3
1339 314 1418 346 dura
1439 321 1540 347 mater
1563 316 1614 347 in—

284 378 476 410 »flammata
500 380 531 405 et
552 377 708 404 macerata
735 371 883 414 apparuit
908 377 938 401 et
967 370 1222 402 membranarum
1250 381 1340 401 venae
1363 370 1535 401 admodum
1560 376 1614 401 tu-

284 443 302 463 »
320 436 441 462 mentes
466 426 587 459 erant.⁷⁷

325 485 363 515 In
390 484 487 514 hocce
511 479 675 521 exemplo,
699 477 748 508 uti
775 476 919 520 adjungit
949 484 1077 516 auctor,
1104 477 1309 508 manifestum
1335 483 1381 508 est
1405 482 1614 520 symptomata

283 550 354 582 quae
380 535 509 568 rachitis
537 531 782 564 commotionem
819 537 926 561 secuta
960 537 1035 561 sunt
1067 531 1205 562 multum
1232 531 1327 562 fuisse
1355 530 1488 562 adaucta
1518 536 1550 562 et
1577 530 1616 562 ad

283 597 418 624 mortem
443 598 546 630 usquc
572 585 727 629 producta
753 585 916 626 sanguinis
944 585 1120 615 successivo
1151 596 1335 627 progressu3
1365 584 1419 615 ille
1445 590 1552 615 autem
1582 585 1616 615 in

284 646 384 678 canali
412 641 581 676 vertebrali
611 640 763 671 collectus
796 638 871 669 hinc
900 650 964 669 non
993 639 1098 681 potuit
1123 638 1272 677 effluere,
1298 638 1450 669 morando
1473 639 1616 680 putruit,

284 707 316 732 et
338 698 539 742 putrefactus
569 696 612 725 iia
638 693 774 724 irritavit
798 692 997 723 membranas
1022 698 1059 723 ut
1084 692 1211 723 illarum
1245 691 1528 723 inflammationem
1559 692 1617 722 de-

283 751 514 785 terminaverit.
546 749 577 779 Si
599 747 637 778 ad
661 745 862 789 *probandum
885 746 1018 777 effatum
1044 757 1152 776 meum
1176 746 1244 776 haec
1265 745 1440 777 observatio
1460 746 1532 776 salis
1552 756 1618 776 non

285 807 400 845 fuerit,
423 805 499 836 huic
521 801 699 845 adjungere
718 800 813 830 eliani
834 811 961 841 possum
981 800 1172 830 sententiam
1194 798 1311 829 Bohnii
1331 798 1390 840 (l).
1417 798 1483 837 Qui
1499 798 1619 829 scilicet

285 862 329 892 sic
344 859 503 901 loquitur:
531 867 548 886 ))
566 853 684 896 gaudet
704 853 826 894 magnis
842 853 964 883 arteriis
986 858 1018 883 et
1039 853 1127 885 venis
1142 853 1230 884 funis
1246 852 1446 891 medullaris,
1472 852 1521 883 liis
1544 863 1619 885 vero

286 926 304 945 ))
321 913 372 945 vel
393 923 450 955 per
469 907 762 951 conquassationem
779 905 830 937 vel
846 916 904 947 per
920 906 1091 937 fracturam
1110 907 1228 948 ruptiS,
1245 906 1295 938 vel
1312 906 1445 938 vulnere
1461 905 1616 945 dissectis,

286 980 305 999 »
321 973 353 998 et
373 976 487 997 cruore
505 964 538 994 in
562 961 638 993 tubo
663 959 777 1003 spinali
802 964 968 1001 congesto,
993 959 1068 990 hinc
1089 959 1223 1001 perinde
1246 970 1282 989 ac
1300 959 1334 989 in
1352 958 1483 990 cerebro
1498 958 1618 990 affusus

286 1034 305 1053 )>
322 1020 449 1062 sanguis
462 1017 570 1048 mortis
582 1026 673 1046 causa
686 1013 808 1052 evadit,
822 1018 886 1044 tam
899 1013 1153 1055 comprimendo,
1166 1024 1262 1056 quam
1275 1012 1504 1055 putrescendo3
1517 1023 1619 1056 eoque

288 1087 305 1106 ))
323 1073 473 1116 majorem
489 1069 700 1101 lethalitatem
716 1077 781 1109 prae
796 1076 828 1096 se
845 1066 957 1098 ferunt
976 1078 1086 1098 omnes
1102 1067 1179 1098 tales
1193 1067 1351 1106 laesioues,
1367 1066 1452 1109 quod
1471 1067 1619 1109 sanguini

288 1140 306 1159 ))
323 1124 489 1158 educendo
504 1123 592 1154 nulla
610 1121 773 1162 chirurgia
790 1119 910 1150 mederi
927 1118 1060 1150 valeat.⁷’
1075 1120 1135 1150 Ista
1155 1131 1243 1151 nunc
1255 1119 1419 1151 sufiiciunt
1434 1125 1470 1151 ut
1485 1119 1621 1151 demon-

286 1187 420 1213 stratum
443 1179 573 1209 omnino
598 1176 637 1206 sit
656 1173 941 1206 extravasationem
964 1173 1127 1216 sanguinis
1150 1173 1198 1205 vel
1220 1173 1455 1218 cujuscumque
1478 1173 1621 1205 humoris

287 1237 319 1266 in
342 1233 443 1265 canali
463 1228 633 1262 vertebrali
656 1233 792 1257 mortem
811 1226 1051 1268 comprimendo
1077 1227 1271 1269 producere5
1293 1228 1326 1258 in
1345 1227 1399 1258 illo
1418 1239 1528 1259 revera
1546 1239 1621 1259 casu

287 1288 447 1321 vulnerati
476 1295 540 1315 nou
570 1281 695 1320 subito,
727 1279 781 1310 sed
808 1278 895 1310 lente
924 1279 1091 1319 occidunt3
1122 1286 1154 1311 et
1181 1287 1319 1323 pereunt
1344 1281 1480 1323 paralysi
1505 1282 1622 1312 sensim

287 1343 468 1382 sensimque
485 1338 524 1369 ab
544 1333 751 1368 inferioribus
771 1332 810 1364 ad
827 1333 990 1375 superiora
1012 1339 1205 1376 prorepente
1220 1334 1277 1377 (2).
1300 1334 1450 1365 Testante
1465 1335 1622 1378 Demussy

287 1391 533 1440 prognosticatio
554 1388 775 1423 vertebrarum
801 1387 1016 1418 fracturarum
1043 1387 1269 1419 infaustissima
1294 1394 1342 1419 est
1368 1394 1400 1419 et
1427 1388 1620 1431 plerumque

288 1455 424 1481 mortem
454 1444 638 1489 portendit3
667 1443 732 1473 imo
760 1446 884 1473 veteres
911 1440 1041 1471 omnino
1073 1440 1282 1484 desperabant
1307 1442 1332 1472 si
1360 1443 1519 1474 sauciatus
1544 1444 1623 1474 citra

288 1503 486 1536 voluntatem
506 1498 557 1531 vel
574 1499 701 1530 urinam
716 1494 769 1527 vel
792 1495 886 1526 faeces
901 1494 1086 1537 deponeret.
1108 1495 1147 1525 Et
1163 1505 1273 1527 revera
1295 1506 1397 1538 quum
1413 1495 1495 1527 illud
1514 1496 1622 1528 locum

289 1556 386 1587 habet
410 1555 588 1586 niaximum
608 1551 696 1582 adest
714 1549 914 1593 periculum3
938 1560 1012 1579 nain
1036 1560 1100 1579 non
1118 1548 1340 1580 tantummodo
1362 1550 1454 1580 nervi
1471 1549 1623 1581 Thoracis

290 1612 322 1642 in
348 1609 515 1641 functione
540 1606 596 1638 sua
622 1604 862 1648 impediuntur,
891 1602 947 1633 sed
976 1608 1008 1633 et
1033 1603 1129 1633 etiam
1155 1604 1211 1645 qui
1235 1602 1391 1634 abdomen
1416 1603 1537 1635 adeunt
1564 1604 1623 1636 sub

291 1664 425 1696 vulnere
455 1660 605 1692 medullae
637 1660 671 1690 in
699 1668 845 1689 enormes
872 1656 981 1688 turbas
1011 1656 1248 1700 conjiciuntur;
1277 1656 1352 1688 inde
1381 1657 1623 1698 convulsiones,

292 1718 466 1761 paralyses,
488 1715 591 1747 urinae
609 1719 642 1744 et
659 1713 769 1744 fecum
785 1712 862 1742 citra
880 1710 1079 1742 voluntatem
1095 1711 1252 1751 excretio,
1272 1716 1328 1742 aut
1343 1711 1525 1742 omnimodo
1546 1723 1625 1753 sup-

293 1772 420 1814 pressio.
448 1767 598 1800 Medullae
618 1766 746 1809 spinalis
766 1765 924 1805 laesiones,
945 1771 1080 1796 testante
1098 1766 1217 1796 iterum
1237 1764 1362 1795 Bohnio
1382 1764 1446 1807 (3),
1472 1776 1536 1796 non
1552 1771 1625 1796 tan-

294 1831 363 1855 tum
376 1823 508 1854 lethales
524 1827 599 1853 sunt
609 1832 647 1851 ex
660 1831 697 1852 eo
710 1819 796 1863 quod
811 1830 925 1851 nervos
937 1819 976 1850 ab
992 1819 1044 1850 illa
1061 1820 1295 1862 proficiscentes
1310 1819 1457 1858 turbent,
1469 1819 1522 1850 sed
1538 1819 1625 1862 quod

295 1877 460 1909 cerebrum
477 1878 510 1907 in
528 1885 716 1907 consensum
732 1874 857 1916 rapiant
872 1879 904 1905 et
914 1873 1131 1907 ventriculum
1143 1879 1176 1905 et
1191 1873 1256 1904 lien
1269 1879 1300 1904 et
1314 1873 1413 1917 hepar
1429 1879 1461 1904 et
1475 1873 1625 1905 intestina

301 1947 1617 1961 Μ

341 1992 385 2020 (ι)
403 1989 523 2017 Bohnius,
542 1989 584 2011 lib.
603 1988 671 2010 laud.
692 1987 749 2017 Pag.
767 1987 895 2010 226-230.

340 2031 384 2061 (2)
401 2030 493 2060 Boyer,
512 2029 556 2051 lib.
573 2028 655 2056 laud„
674 2028 725 2051 vol.
742 2029 779 2055 ΙΙ,
798 2035 852 2058 pag.
868 2028 910 2057 62,
925 2026 1041 2050 editionis
1057 2027 1230 2051 Bruxeliensis.

341 2071 385 2102 (3)
402 2070 523 2099 Bohuius,
544 2070 572 2092 de
590 2068 725 2092 renunciat.
743 2068 813 2093 vuln.
831 2067 890 2098 Pag.
906 2067 1031 2091 226-250.
