1747 2620
703 268 816 311 (53)

97 350 144 375 est
163 343 334 376 vulnerare
351 343 526 375 medullam
553 342 679 373 intactis
699 341 870 382 vertebris;
898 343 1150 374 instrumentum
1172 344 1258 375 enim
1283 355 1431 387 pungens

96 404 199 442 potest
225 399 396 442 ligamenta
418 398 498 431 flava
523 397 739 437 transfodere,
765 397 941 429 medullam
973 398 1151 440 attingere,
1180 408 1287 429 secare
1312 404 1345 429 et
1369 399 1432 429 im—

96 464 221 484 mensas
244 452 352 484 turbas
373 452 567 495 producere,
598 458 644 483 ast
664 451 745 483 illud
767 463 809 483 ne
831 452 962 495 quidem
984 458 1088 495 potest
1110 453 1143 483 in
1165 452 1280 484 dorsali
1302 453 1433 495 regione

95 506 203 538 locum
223 505 357 545 habere,
383 505 634 548 impedientibus
655 506 782 537 laminis
803 506 1024 538 vertebrarum
1049 506 1222 538 dorsalium
1240 506 1434 537 imbricatim

95 560 223 591 sibimet
252 560 391 591 invicem
420 561 636 602 superpositis.
678 560 749 591 Sola
778 561 878 604 igitur
909 562 997 604 regio
1023 561 1186 593 cervicalis
1216 567 1249 592 et
1279 561 1434 593 lumbaris

95 613 230 657 hujusce
251 613 377 655 generis
394 613 581 645 vulneri-bus
600 613 681 644 assici
699 620 815 656 potest,
837 620 869 645 at
881 616 1060 654 enimvero,
1077 616 1112 646 in
1129 615 1259 658 regione
1276 614 1433 655 lumbari,

94 672 257 710 punctura
282 666 432 698 medullae
455 667 586 710 spinalis
612 673 715 699 tantos
738 680 803 699 non
828 668 961 700 affectus
986 669 1052 700 edit
1079 681 1115 700 ac
1140 669 1238 713 vulgo
1267 669 1433 710 creditur3

93 732 170 753 nam
190 727 270 752 tunc
289 721 440 764 paralysis
462 733 534 764 quae
555 721 671 753 exinde
695 723 857 765 sequitur,
888 722 928 753 ad
948 722 1091 753 membra
1117 722 1327 754 abdominalia
1350 723 1435 754 rele-

94 781 207 818 gatur,
234 781 267 806 et
284 776 475 806 assentiente
491 775 595 818 Boyer
611 775 674 818 (1),
701 781 780 807 tunc
801 787 866 807 non
885 787 1013 820 semper
1033 776 1102 808 haec
1122 776 1207 808 laesio
1226 783 1273 808 est
1290 777 1433 817 lethalis,

94 830 159 861 imo
189 828 379 872 quibusdam
409 830 442 859 in
466 828 588 860 casibus
613 840 674 860 nec
703 841 892 873 gangraena,
919 841 980 862 nec
1010 831 1108 862 febris
1131 831 1255 862 hectica
1277 843 1435 874 superve-

93 883 200 914 niunt.
220 882 388 925 Quidquid
403 882 436 913 id
450 888 497 913 est
511 882 670 914 ordina-rio
686 883 826 915 medulla
843 883 987 923 laeditur,
1004 884 1128 924 fractis,
1144 884 1278 924 luxatis,
1297 884 1435 916 distortis

93 936 262 976 vertebris,
285 937 480 968 commoveri
503 941 536 966 et
555 942 708 979 praeterea
729 942 843 979 potest.
875 937 1051 969 Videamus
1077 950 1166 969 nunc
1190 938 1268 981 quid
1288 938 1443 981 singulus,

93 990 210 1021 horum
224 989 407 1020 morborum
420 989 598 1031 producere
613 990 646 1020 in
662 989 857 1021 OEconomifi
870 990 1000 1031 debeat,
1016 997 1069 1031 ut,
1083 992 1309 1024 accedentibus
1324 992 1434 1024 obser—

94 1042 277 1075 vationibus
295 1048 326 1073 et
348 1048 517 1074 auctorum
536 1043 718 1083 sententiis,
744 1053 896 1075 eruamus
916 1045 995 1089 quid
1013 1051 1045 1076 et
1065 1052 1224 1090 quantum
1249 1046 1435 1078 lethalitatis

93 1096 316 1138 unusquisque
340 1106 449 1126 secum
470 1096 565 1127 ferat.

137 1149 234 1189 Quod
257 1149 296 1180 ad
314 1149 455 1192 primum
480 1161 583 1192 genus
602 1156 739 1193 spectat,
766 1151 807 1183 ad
825 1151 960 1184 vulnera
980 1153 1101 1185 scilicet
1118 1153 1288 1195 medullae,
1308 1154 1435 1185 intactis

92 1202 263 1243 vertebris,
278 1202 415 1243 inflicta,
431 1215 599 1246 possumus
614 1205 756 1247 profiteri
773 1205 842 1237 haee
858 1207 964 1238 onmia
981 1207 1049 1239 fere
1062 1219 1189 1251 semper
1204 1219 1271 1239 esse
1286 1215 1435 1252 prompte

91 1256 223 1288 lethalia
242 1256 307 1299 (2),
341 1256 551 1300 eiusdemque
581 1264 775 1299 puncturas,
801 1266 1003 1291 asseverante
1033 1260 1158 1292 Bohnio
1186 1262 1235 1304 (3)
1269 1262 1435 1294 lethiferas

92 1322 182 1354 posse
202 1309 274 1354 jure
295 1311 476 1353 meritoque
496 1309 623 1351 haberi,
644 1312 796 1354 quoniam
818 1314 971 1344 atrociora
992 1325 1118 1357 semper
1135 1316 1344 1348 incisionibus
1364 1328 1435 1347 ma-

91 1364 213 1409 joribus
240 1370 370 1396 movent
397 1364 601 1407 pathemata,
629 1376 665 1396 ac
686 1365 853 1397 cerebrum
880 1373 913 1398 et
936 1374 1039 1400 totum
1068 1381 1184 1412 corpus
1210 1370 1435 1402 vehementius

91 1418 265 1461 exagitant.
293 1417 398 1448 Fuere
419 1423 528 1449 tamen
553 1420 757 1462 exceptiones
777 1420 966 1463 observatae3
999 1425 1131 1455 sauciati
1152 1425 1240 1456 enim
1260 1425 1338 1457 huic
1357 1425 1434 1458 vul-

91 1473 179 1511 neri,
207 1471 297 1503 nulla
322 1472 453 1514 experta
476 1473 630 1516 paralysi,
654 1476 840 1517 superstites
865 1484 1069 1518 manserunt,
1097 1478 1212 1519 refert,
1240 1479 1325 1510 inter
1351 1479 1433 1519 alia,

92 1525 224 1557 Ferrein
243 1525 308 1569 (4):
342 1526 466 1557 homini
485 1532 611 1559 tantum
638 1528 736 1570 gladii
756 1530 856 1561 ictum
882 1531 980 1562 fuisse
1005 1531 1182 1572 inflictum,
1206 1539 1245 1565 ut
1267 1545 1333 1565 non
1360 1540 1435 1565 tan-

93 1579 260 1610 tummodo
282 1580 318 1610 in
340 1580 442 1611 canali
466 1581 616 1613 rachideo
641 1584 859 1625 penetraverit
884 1596 1005 1628 corpus
1026 1586 1220 1627 vulnerans,
1253 1587 1309 1619 sed
1335 1593 1433 1618 totam

94 1632 270 1664 medullam
291 1633 521 1675 perforaverit:
538 1646 602 1678 quo
619 1636 755 1668 vulnere
773 1639 948 1680 sauciatus,
965 1642 1092 1672 nonnisi
1107 1648 1178 1684 post
1198 1642 1322 1685 aliquot
1340 1654 1355 1673 a
1376 1642 1434 1674 lae-

94 1687 181 1718 sione
201 1686 330 1730 accepta
351 1699 449 1719 annos
469 1689 650 1721 succubuit.
672 1691 709 1722 In
729 1692 877 1725 omnibus
902 1700 1010 1726 tamen
1030 1695 1186 1738 exemplis
1209 1707 1281 1739 quae
1298 1696 1432 1730 vulnera

96 1739 164 1771 haec
183 1746 291 1772 curata
310 1741 544 1782 demonstrant,
561 1750 649 1786 patet
666 1752 790 1788 partem
807 1747 994 1781 inferiorem
1010 1749 1151 1782 funiculi
1168 1750 1354 1782 medullaris
1369 1751 1432 1793 (5),

99 1791 135 1822 id
150 1799 212 1833 est,
235 1805 305 1826 eam
329 1795 429 1840 hujus
461 1798 640 1841 portionem
672 1811 744 1845 quae
773 1802 904 1835 minoris
930 1809 978 1835 est
999 1805 1155 1836 momenti
1170 1804 1288 1836 ‘laesam
1314 1805 1431 1836 fuisse:

104 1877 907 1895 Ἣ

159 1930 202 1957 (1)
218 1929 309 1960 Boyer,
325 1931 367 1956 lib.
383 1933 463 1963 land.,
482 1935 533 1958 vol.
550 1937 583 1958 II.
599 1944 654 1968 pag.
671 1938 709 1962 62.
729 1938 853 1961 Editiouis
868 1938 1043 1961 Bruxeliensis.

158 1969 204 1997 (2⁴)
220 1969 387 1995 Dic-zionuaire
402 1973 442 1996 des
457 1975 545 1999 scienc.
565 1977 632 2001 mddz.
642 1995 648 2006 ,
667 1978 751 2002 article
764 1988 770 2001 :
791 1979 912 2002 Elessures
926 1978 955 2001 de
974 1979 998 2001 la
1013 1979 1118 2002 moena,

159 2009 202 2038 (3)
219 2008 254 2032 De
271 2011 454 2036 renunciatione
470 2015 615 2044 vulnerum,
635 2025 692 2048 pag.
712 2019 767 2040 230>-

157 2049 201 2077 (4)
218 2049 388 2075 Dictionnaire
407 2052 448 2077 des
459 2054 548 2079 scienc.
568 2057 652 2087 me'd.‚
669 2062 718 2080 art.
738 2057 842 2081 moene..

156 2089 201 2119 (5)
232 2091 299 2114 ima.
698 2098 777 2122 taem.
