1747 2620
905 254 1039 299 (110)

303 350 323 370 >i
339 333 507 381 peruviani
529 330 724 377 praescriptio
743 328 882 362 adhibita
905 329 976 360 fuit.
1003 327 1212 371 Tandemque
1233 334 1303 371 post
1320 340 1448 372 magnos
1469 335 1501 360 et
1523 329 1637 361 multos

304 404 322 423 ))
340 390 462 422 dolores
484 387 562 419 obiit
580 386 776 417 miserrimus
799 384 852 414 illc
874 383 995 414 delirio.
1019 382 1159 413 Cadaver
1184 382 1246 413 fuit
1266 388 1388 413 sectum
1410 389 1442 414 et
1463 389 1546 415 totus
1562 396 1637 417 sau-

305 458 323 477 ))
341 445 413 477 ciati
439 442 545 474 lateris
566 446 684 471 tractus
709 436 869 481 gangrena
894 442 1058 478 correptus
1083 442 1115 466 et
1135 436 1222 466 sanie
1246 436 1393 478 oppletus
1414 444 1559 480 repertus
1580 445 1635 470 est.

304 512 323 531 »
340 500 548 530 Asseverante
568 494 670 531 Petit,
691 503 783 523 causa
806 491 949 521 omnium
968 496 1216 532 symptomatum
1233 489 1387 521 existebat
1404 491 1434 521 in
1458 491 1638 534 fragmento

305 566 323 586 »
341 558 433 584 costae
452 551 576 588 fractae,
597 546 683 591 quod
703 546 790 576 intus
805 549 950 587 spectans
967 543 1112 586 pleuram
1130 555 1193 574 non
1212 544 1306 575 modo
1323 544 1563 585 vulneraverat,
1585 547 1639 578 sed

305 620 323 640 ))
339 607 426 638 illam
448 604 601 636 continuo
616 600 745 632 stimulo
759 600 939 631 irritaverat
954 604 986 629 et
1002 598 1085 629 hanc
1101 598 1144 628 sic
1160 598 1192 628 in
1209 608 1411 640 gangraenam
1428 598 1639 642 conjecerat.⁷’

301 662 468 693 sauciatus
483 658 537 690 ille
553 653 722 689 manifeste
738 665 802 685 non
813 653 949 686 vulnere
965 652 1018 684 sed
1036 652 1116 683 mala
1134 652 1349 684 remediorum
1367 653 1639 686 administratione

301 716 415 760 periit·⁷
447 714 549 757 prima
576 711 663 743 enim
692 710 726 740 in
753 707 914 750 therapcia
938 706 1050 749 regula
1080 707 1113 737 in
1140 717 1176 737 eo
1202 707 1358 746 consistit,
1385 713 1421 739 ut
1447 708 1520 739 mali
1546 720 1638 740 causa

302 774 513 813 cognoscatur
531 771 703 808 antequam
721 762 900 794 remedium
918 761 1071 804 applicari
1086 761 1196 803 possit,
1214 761 1238 791 si
1252 760 1320 792 haec
1337 767 1444 792 aulem
1462 763 1638 805 ignoratur,

303 824 409 856 omnia
433 821 572 854 remedia
598 830 663 850 non
689 817 783 848 modo
803 818 960 847 incassum
985 814 1251 857 praescribuntur,
1271 815 1325 846 sed
1347 815 1518 858 aliquando
1538 828 1640 860 oppo-

302 880 359 909 sita
389 877 519 908 omnino
548 880 580 905 et
614 873 725 903 nociva
757 869 910 902 evadunt.
943 868 1085 912 Huiusce
1117 870 1223 899 asserti
1255 868 1430 901 observatio
1456 870 1640 913 praecedens

304 932 459 963 eximium
476 928 597 972 praebet
612 925 813 968 exemplum,
833 924 856 954 si
871 923 957 954 enim
974 923 1087 953 medici
1103 923 1135 952 in
1152 934 1278 953 cansam
1296 923 1370 954 mali
1386 924 1639 966 inquisivissent,

303 992 383 1017 tunc
414 983 584 1027 probatum
618 979 804 1011 habuissent
843 977 957 1008 febrim
990 977 1076 1008 illam
1103 977 1280 1008 irritatione
1308 977 1429 1019 pleurae
1460 978 1640 1021 fragmento

304 1045 396 1071 costae
420 1037 664 1069 determinatam
686 1034 800 1071 fuisse,
826 1043 917 1063 causa
945 1031 1018 1061 mali
1040 1033 1193 1073 potuisset
1218 1031 1355 1071 auferri,
1379 1031 1495 1074 etipsa
1517 1032 1640 1075 pleurae

303 1092 511 1125 inflammatio
537 1089 693 1131 regimine
716 1085 972 1129 antiphlogistico
997 1091 1029 1115 et
1055 1095 1144 1116 venae
1162 1084 1371 1124 sectionibus,
1397 1085 1485 1116 haud
1510 1085 1642 1129 quidem

304 1147 418 1178 tonicis
438 1145 525 1183 fixis,
547 1144 594 1175 uti
617 1148 664 1172 est
684 1147 792 1172 cortex
814 1140 1025 1182 peruvianus,
1050 1138 1203 1169 debellari
1223 1139 1387 1181 potuisset.
1413 1140 1516 1182 Igitur
1535 1140 1644 1172 faten-

305 1200 384 1232 dum
403 1205 450 1230 est
471 1201 678 1239 aegrotantem
700 1194 794 1225 illum
816 1205 880 1225 non
901 1194 1036 1227 vulnere
1057 1205 1114 1225 suo
1133 1193 1188 1224 sed
1207 1193 1406 1225 medicorum
1426 1194 1587 1236 imperitia
1603 1194 1642 1226 ad

303 1260 409 1298 patres
426 1251 586 1294 migrasse.
609 1247 777 1290 Quidquid
794 1247 826 1278 id
844 1253 909 1285 est,
926 1248 951 1278 si
966 1253 1070 1290 posset
1084 1247 1196 1289 pleura
1212 1247 1275 1278 sola
1292 1248 1442 1287 sauciari,
1457 1248 1512 1278 vix
1526 1248 1644 1280 vulnus

303 1306 386 1339 illud
406 1311 487 1337 esset
505 1301 623 1335 lethale
645 1300 873 1332 declarandum
896 1306 1025 1342 propter
1044 1305 1227 1331 secuturam
1244 1299 1547 1342 inflammationem,
1568 1307 1645 1333 sunt

304 1362 391 1394 enim
411 1358 624 1391 efficacissima
646 1355 786 1387 remedia
806 1354 923 1398 quibus
945 1354 1016 1385 haec
1039 1354 1144 1396 fugari
1168 1360 1281 1396 potest.

349 1413 439 1455 Quid
459 1423 548 1444 nunc
568 1417 614 1443 est
635 1409 808 1442 dicendum
825 1409 864 1440 de
885 1409 965 1440 ae'ris
986 1408 1019 1438 in
1037 1414 1164 1450 pectus,
1184 1408 1268 1439 secta
1284 1407 1413 1450 pleura,
1437 1409 1643 1451 irruptione?

305 1467 409 1512 Maius
433 1466 588 1498 damnum
603 1464 673 1496 haec
693 1469 763 1507 post
783 1474 815 1494 se
837 1462 934 1494 trahit
955 1473 1052 1504 quam
1070 1461 1200 1504 quidem
1220 1461 1324 1504 primo
1345 1467 1476 1504 aspectu
1496 1461 1643 1495 videtur:

304 1522 405 1554 refert
424 1518 628 1551 Hebenstreit
644 1517 689 1560 (1)
707 1517 1048 1560 experimentationem
1069 1515 1087 1546 a
1107 1515 1229 1546 Galeno
1245 1516 1443 1555 institutam,
1465 1515 1644 1550 observavit

306 1585 424 1617 nempe
438 1573 494 1604 ille
509 1578 635 1611 auctor,
648 1570 766 1602 animal
780 1571 812 1601 in
828 1570 890 1601 hoc
907 1569 1006 1600 latere
1026 1568 1217 1615 ubi·vulnus
1232 1569 1354 1600 factum
1374 1575 1458 1610 erat,
1474 1570 1644 1613 pulmones

306 1641 378 1661 suos
394 1630 466 1659 ae're
477 1638 541 1658 non
553 1625 750 1669 implevisse,
766 1630 798 1655 et
813 1635 914 1666 quum
926 1623 1009 1655 latus
1025 1629 1201 1666 utrumque
1213 1622 1395 1654 confossum
1410 1629 1491 1655 esset
1503 1625 1644 1656 exstinc-

306 1691 377 1716 tum
393 1682 502 1714 fuisse.
522 1680 602 1711 Inde
626 1685 757 1722 apparet
778 1684 929 1721 quantam
950 1678 1145 1721 pressionem
1167 1678 1221 1708 ae'r
1244 1677 1278 1707 in
1303 1688 1420 1720 organa
1442 1678 1644 1720 respiratoria

308 1741 470 1769 exerceat:
491 1734 544 1766 illa
567 1733 680 1764 Galeni
702 1732 812 1764 relatio
836 1733 966 1763 omnino
988 1732 1137 1775 congruit
1157 1742 1233 1763 cum
1258 1732 1478 1774 experimento
1502 1731 1588 1774 quod
1610 1733 1643 1763 in

307 1789 466 1824 cuniculis
477 1787 689 1826 instituimus,
701 1793 733 1818 et
746 1785 838 1828 cujus
850 1786 1095 1829 explicationem
1106 1785 1139 1816 in
1150 1785 1205 1816 illo
1217 1785 1286 1816 loco
1297 1791 1375 1817 tunc
1386 1784 1550 1826 dedimus,
1560 1785 1643 1817 hanc

307 1847 426 1878 iterum
446 1842 567 1874 referre
588 1852 825 1884 supervacuum
843 1847 939 1881 esset,
968 1839 1127 1872 credimus
1146 1845 1299 1884 praeterea
1316 1851 1372 1871 nos
1391 1851 1480 1883 posse
1496 1840 1644 1872 eamdem

306 1899 362 1931 hic
382 1896 619 1929 conclusionem
640 1895 801 1938 proferre,
823 1895 943 1926 scilicet
962 1895 987 1925 si
1006 1896 1060 1926 aer
1080 1906 1119 1926 ex
1139 1900 1279 1938 utroque
1299 1894 1398 1926 latere
1416 1894 1450 1925 in
1474 1893 1644 1937 pulmones

309 1952 444 1997 premit,
464 1961 530 1981 non
554 1948 692 1992 amplius
711 1960 800 1992 posse
820 1949 990 1992 pulmones
1011 1949 1135 1981 dilatari
1156 1955 1188 1981 et
1207 1949 1448 1992 respirationem
1468 1950 1642 1980 necessario

309 2017 447 2046 cessare,
468 2003 555 2036 unde
576 2009 655 2035 tunc
675 2004 818 2035 exoritur
839 2003 1002 2047 asphyxia.

370 2121 415 2151 (1)
431 2118 598 2147 Hebeustreit,
620 2125 676 2149 pag.
697 2118 751 2148 492.
