1747 2620
246 369 710 415 EXPOSITIO
801 365 1260 409 DOCTRINAE

566 505 634 537 DE
707 502 942 536 JURIBUS

342 639 767 695 Extraneorum
825 633 888 691 in
946 631 1159 715 Belgio.

723 967 738 985 »
756 957 834 984 Cette
861 960 936 984 terre
963 956 1147 993 hospitalicre
1171 957 1270 984 offrira
1297 958 1426 994 toujours

683 1018 697 1034 >›
716 1006 877 1042 protection
895 1010 924 1033 et
941 1006 1153 1033 bienveillance
1174 1007 1189 1033 a
1210 1016 1281 1034 ceux
1301 1017 1357 1044 que
1376 1007 1425 1035 des

681 1067 696 1084 »
713 1056 782 1083 Loix
799 1055 932 1083 liberales
947 1059 975 1083 et
989 1065 1029 1082 un
1044 1055 1278 1083 Gouvernement
1294 1056 1425 1091 paternel

681 1116 696 1134 »
714 1116 734 1142 y
754 1106 960 1142 appelleront.'’

722 1165 837 1194 Rapport
850 1164 879 1187 de
895 1165 921 1187 la
940 1164 1101 1187 Commission
1116 1163 1220 1195 chalge'e
1234 1165 1264 1187 de
1277 1164 1303 1188 la
1317 1164 1424 1188 re‘vision

684 1205 714 1227 de
733 1205 759 1227 [ιι
779 1205 832 1227 Lot
845 1205 1042 1227 Folzdamentale
1060 1204 1102 1227 des
1120 1205 1266 1234 Pars-Bas.

569 1376 930 1440 ἶβταεηωπίΐαητ.

84 1511 223 1572 Pmnms
245 1540 279 1571 in
299 1539 361 1570 hoc
382 1544 542 1570 terrarum
562 1535 638 1568 orbe
658 1535 788 1579 populi,
810 1547 827 1567 a
846 1546 878 1566 se
898 1535 1039 1567 invicem
1060 1533 1170 1574 liberi,
1192 1544 1336 1577 quosque
1356 1533 1421 1565 sola

82 1604 291 1636 humanitatis
315 1601 385 1646 jura
409 1607 442 1633 et
466 1601 566 1633 officia
590 1601 675 1632 inter
699 1610 732 1631 se
758 1599 933 1643 colligunt,
959 1598 1018 1630 sibi
1041 1604 1157 1630 mutuo
1181 1597 1299 1629 accolae
1323 1603 1420 1640 atque

82 1668 221 1699 confines
241 1667 408 1699 exsistunt.
434 1666 559 1697 Horum
580 1666 681 1706 cive5‚
707 1665 773 1697 suis
792 1665 930 1708 quisque
953 1663 1032 1695 moti
1052 1661 1314 1702 necessitatibus,
1344 1661 1422 1705 plu-

81 1731 170 1762 rimis
192 1742 228 1762 ac
247 1730 391 1774 repetitis
412 1729 611 1761 commerciis
631 1735 789 1770 utuntur,
816 1740 907 1773 quae,
933 1733 1096 1759 crescente
1119 1726 1319 1767 mercatura,
1341 1737 1421 1758 auc-

82 1795 202 1838 tisque,
228 1806 264 1826 ac
283 1795 318 1826 in
340 1794 406 1826 dies
429 1794 529 1838 magis
547 1794 713 1838 magisque
731 1793 946 1837 frequentatis
964 1791 1138 1835 navigandi
1159 1790 1345 1831 itineribus,
1365 1790 1421 1822 ul-

83 1858 168 1888 timis
187 1857 274 1889 hisce
295 1858 417 1890 saeculis
438 1858 557 1890 mirum
578 1858 612 1889 in
633 1857 766 1890 modum
787 1858 960 1889 commixta
979 1862 1076 1900 atque
1097 1855 1310 1898 multiplicata
1332 1860 1418 1887 sunt.

125 1921 163 1951 In
189 1920 249 1953 hac
276 1921 374 1965 igitur
398 1933 507 1954 rerum
533 1922 735 1964 conditione,
769 1923 835 1956 sive
860 1921 1088 1965 prudentiam,
1116 1920 1182 1952 sive
1208 1919 1421 1950 oeconomiam

81 1983 266 2026 politicam,
299 1986 365 2017 sive
390 1985 528 2017 ethicam
560 1988 706 2030 gentium
739 1991 880 2030 spectes,
914 1985 1046 2017 maximi
1073 1990 1159 2016 certe
1192 1983 1347 2015 momenti
1372 1987 1420 2013 est

82 2046 240 2092 cujusque
260 2048 373 2091 populi
395 2059 468 2092 erga
487 2050 598 2082 alienae
620 2050 724 2094 gentis
740 2049 887 2082 homines
905 2049 1023 2093 agendi
1043 2049 1134 2081 ratio.
1164 2047 1312 2080 Primnm
1331 2046 1418 2079 enim
