1747 2620
910 281 1027 323 (26)

311 359 479 398 Quodnam
505 359 622 399 igitur,
652 368 684 388 re
710 356 774 398 ipse
801 361 832 386 et
856 355 993 392 effectu,
1023 359 1068 385 est
1092 353 1259 384 discrimen
1286 354 1369 384 inter
1398 359 1505 392 tuam,
1532 365 1627 396 quam

310 413 420 456 jactaS‚
437 418 468 443 ct
482 412 619 442 odiosam
632 409 799 441 Hobhesic'
817 407 865 439 vel
882 408 1021 437 Halleri
1035 406 1232 437 doctrinam?
1250 425 1292 430 —-
1307 406 1429 437 Verum
1449 407 1628 446 insaniunt,

310 467 365 507 qui
393 467 471 496 serio
494 466 535 495 ila
561 463 786 505 obloquuntur.
821 462 924 502 Atque
948 460 1089 502 profecto
1114 471 1177 490 non
1198 460 1223 489 is
1244 471 1301 501 ego
1323 471 1407 498 sum,
1434 461 1471 490 A.
1496 460 1550 499 H„
1572 460 1628 502 qui

309 517 467 560 tyrannidi
490 517 629 554 faveam3
654 525 758 556 neque
783 524 854 545 vero
876 513 974 555 magis
993 512 1172 543 anarchiam
1196 512 1358 544 voluntate
1377 518 1409 543 et
1429 512 1532 543 studio
1553 524 1628 555 pro-

310 581 433 612 sequor.
457 569 517 600 Sed
543 574 666 610 praestat
692 577 883 609 repugnare,
912 572 943 596 et
965 565 1084 605 habeo,
1114 577 1184 608 quae
1208 566 1339 597 istorum
1366 565 1533 596 bominum
1559 566 1628 597 telis

310 623 464 666 objiciam.
872 650 873 653 ,

354 675 473 714 Quodsi
490 674 661 711 contende,
679 685 857 715 supremam
876 678 1062 715 potestatem
1081 673 1114 703 in
1131 672 1313 703 Monarchia
1333 683 1397 703 non
1415 683 1480 703 esse
1499 672 1626 714 populi,

310 729 394 770 quis,
416 739 537 770 quaeso,
561 727 643 770 juste
660 727 733 757 inde
757 726 899 769 colliget,
921 737 990 757 eam
1009 731 1174 768 propterea
1191 725 1287 757 nullis
1308 725 1461 756 limitibus
1481 736 1546 756 esse
1573 737 1628 756 co-

310 781 440 811 hibitam
452 780 468 810 ⁶?
486 780 629 818 Quodvis
647 780 816 822 imperium
837 780 870 809 in
890 778 1052 821 republica
1073 780 1279 810 constitutum
1300 779 1415 810 limites
1429 790 1500 810 suos
1515 778 1628 818 habet,

310 845 346 865 ex
365 836 429 876 ipsa
447 834 580 865 civitatis
595 840 626 864 et
644 834 768 875 imperil
785 839 896 864 natura
913 832 1045 876 ejusque
1065 833 1125 862 sine
1141 831 1299 862 oriundos.
1321 832 1366 862 Ac
1381 833 1483 874 primo
1498 832 1628 874 quidem

310 887 402 917 latius
427 887 554 917 extendi
575 886 687 927 nequit
710 885 803 916 civile
827 886 1014 927 imperium,
1040 896 1135 926 quam
1160 885 1226 926 ipse
1248 890 1334 926 patet
1354 885 1423 915 finis
1443 885 1627 927 reipublieae

309 940 495 981 propositus.
525 939 651 968 Etenim
678 948 714 967 eo
736 943 861 966 tantum
885 937 1013 967 consilio
1037 937 1120 967 cives
1140 937 1309 978 imperanti
1330 944 1552 968 concesseruut
1573 949 1628 969 su-

310 1003 449 1033 premam
484 996 689 1033 potestatem,
720 995 757 1019 ut
787 988 888 1018 media
902 1012 910 1027 ‚
946 988 985 1018 ad
1018 988 1276 1030 consequendum
1312 990 1494 1031 reipublicae
1533 991 1629 1021 finem

310 1044 497 1082 necessaria,
517 1043 741 1073 determinaret
761 1047 792 1071 et
812 1046 1053 1082 exsequeretur3
1075 1051 1149 1083 ergo
1169 1041 1203 1071 in
1224 1041 1260 1071 iis
1284 1046 1407 1072 tantum
1427 1042 1538 1081 rebus,
1558 1053 1629 1084 quae

310 1096 349 1126 ad
375 1096 464 1126 illum
492 1096 586 1125 finem
615 1095 791 1136 pertinent,
827 1092 1022 1124 voluntatem
1051 1104 1138 1123 suam
1166 1094 1313 1136 viresque
1343 1105 1467 1125 summo
1496 1096 1630 1137 imperio

311 1148 492 1191 subjecisse,
516 1149 547 1178 in
565 1147 695 1189 reliquis
713 1153 819 1177 autem
840 1146 995 1186 integram
1014 1145 1072 1175 sibi
1094 1147 1260 1177 retinuisse
1282 1146 1459 1178 libertatem
1481 1149 1629 1179 censendi

311 1208 395 1233 sunt.
416 1202 525 1244 Itaque
546 1201 710 1242 Princeps,
732 1201 786 1242 qui
807 1198 925 1229 civium
948 1197 1123 1229 actionibus
1144 1204 1240 1241 atque
1264 1200 1413 1242 negotiis,
1436 1212 1452 1231 a
1474 1202 1629 1243 proposito

312 1256 444 1286 civitatis
475 1254 603 1284 omnino
633 1253 761 1292 alienis,
796 1258 916 1282 temere
948 1262 981 1282 se
1013 1252 1226 1291 immisceret,
1258 1253 1283 1283 is
1313 1253 1485 1296 legitimam
1518 1265 1630 1285 eorum

312 1307 442 1340 violaret
465 1306 661 1345 libertatem,
687 1306 847 1349 justosque
871 1305 997 1347 imperii
1027 1306 1104 1335 fines
1130 1305 1413 1347 transgrederetur.
1440 1325 1483 1331 —-
1507 1307 1630 1338 Deinde

311 1371 385 1391 vero
413 1360 620 1390 certissimum
646 1365 707 1398 est,
733 1370 894 1390 summum
922 1359 1092 1400 imperium
1121 1370 1184 1389 non
1211 1358 1282 1389 ideo
1302 1359 1334 1390 in
1362 1360 1541 1402 Principem
1565 1372 1630 1391 esse

311 1412 475 1452 collatum,
502 1418 539 1443 ut
559 1412 611 1443 hic
632 1424 687 1443 suo
710 1418 832 1443 tantum
861 1411 988 1442 arbitrio
1012 1411 1159 1450 subditis,
1187 1412 1264 1453 quid
1286 1412 1468 1444 faciendum
1493 1419 1525 1444 et
1547 1425 1630 1456 pxae-

310 1465 473 1503 standum,
496 1465 573 1507 quid
589 1465 801 1496 omittendum
821 1466 874 1504 sit,
894 1464 1090 1507 praescribat·,
1111 1465 1165 1496 sed
1183 1476 1220 1496 eo
1242 1471 1364 1497 tantum
1385 1467 1513 1498 consilio
1535 1468 1630 1498 Prin—

312 1518 413 1559 cipem
440 1517 520 1547 illud
543 1518 716 1559 accepisse,
745 1523 781 1548 ut
804 1519 836 1548 in
859 1517 1011 1559 eligendis
1034 1518 1307 1561 exsequendisque
1331 1519 1461 1558 mediis,
1488 1520 1527 1551 ad
1548 1520 1631 1552 obti-

311 1569 451 1600 nendum
471 1569 651 1611 reipublicae
667 1571 762 1600 finem
780 1571 975 1609 necessariis,
995 1582 1197 1602 communem
1214 1578 1365 1614 sequatur
1380 1574 1498 1604 civium
1515 1573 1630 1604 volun-

313 1629 419 1653 tatem.
444 1623 555 1665 Neque
576 1624 660 1654 enim
685 1623 826 1665 profecto
849 1635 884 1655 ea
907 1625 1011 1666 potuit
1032 1636 1096 1656 esse
1117 1625 1235 1656 civium
1259 1625 1292 1655 iu
1312 1625 1475 1656 condendo
1497 1627 1630 1668 imperio

312 1687 400 1706 mens
423 1682 454 1706 et
476 1677 646 1714 sententia,
669 1682 705 1707 ut
724 1676 780 1707 soli
801 1677 956 1719 Principis
975 1677 1105 1708 arbitrio
1120 1688 1243 1708 coecum
1265 1684 1297 1708 et
1311 1678 1424 1709 servile
1443 1677 1629 1720 obsequium

312 1735 506 1771 praestarent.
536 1729 616 1767 Quae
642 1740 742 1771 quum
765 1730 808 1760 ita
833 1741 864 1760 se
888 1729 1040 1769 habeant,
1069 1731 1238 1773 imperanti
1260 1730 1341 1761 nihil
1361 1730 1473 1773 jubere
1497 1731 1543 1761 sas
1566 1737 1629 1769 est⁷

314 1783 373 1812 nisi
402 1781 486 1823 quod
511 1783 671 1812 communi
697 1782 816 1814 civium
839 1782 994 1814 voluntati
1019 1784 1289 1815 accommodatum
1316 1783 1425 1814 haberi
1455 1785 1565 1826 possit;
1599 1790 1630 1815 et

314 1835 603 1866 manifestissimum
631 1842 692 1875 est,
724 1847 798 1867 eum
826 1836 925 1867 ossicia
950 1843 1041 1879 pacto
1068 1837 1299 1868 fundamentali
1326 1842 1467 1879 suscepta
1492 1839 1630 1879 graviter

314 1889 447 1926 violare,
468 1890 492 1919 si
517 1901 610 1920 suum
630 1889 795 1920 arbitrium
817 1891 978 1921 communi
1003 1891 1120 1922 civium
1143 1890 1296 1922 voluntati
1318 1889 1495 1920 substituat.
1525 1890 1630 1932 Atque

314 1943 347 1973 in
376 1953 411 1973 ea
438 1943 556 1974 civium
589 1943 789 1983 conditione,
820 1955 884 1986 qua
913 1954 1020 1975 omnes
1045 1945 1184 1986 ipsorum
1214 1943 1364 1981 actionem,
1395 1953 1502 1973 omnes
1527 1953 1574 1973 res
1598 1949 1630 1973 et

315 1996 455 2037 negotia,
478 2006 547 2037 quae
568 1995 606 2026 ad
628 1996 723 2027 finem
745 1996 928 2038 reipublicae
951 1996 1207 2039 consequendum
1233 2007 1297 2026 non
1322 2001 1479 2037 spectant,
1505 2000 1629 2025 exemta

315 2048 353 2078 ab
369 2048 500 2090 imperio
515 2048 600 2079 civili
615 2055 647 2080 et
664 2060 789 2091 prorsus
804 2050 958 2081 immunia
974 2056 1062 2090 sunt3
1085 2049 1198 2080 deiude
1215 2060 1289 2081 vero
1304 2048 1384 2079 nihil
1399 2048 1438 2079 ab
1454 2049 1630 2090 imperante
