1747 2620
750 242 864 287 (29)

144 313 260 356 quibus
275 313 417 346 humano
436 313 588 356 loquendi
604 324 691 344 more
708 312 786 345 deus
806 325 822 344 a
839 314 1004 356 quibusvis
1021 316 1088 347 aliis
1103 317 1224 347 naturis
1242 317 1465 360 distinguitur,

143 367 363 399 attribuuntur
379 369 409 399 ei
429 379 557 411 quoque
573 368 742 410 sapientia,
762 367 880 411 justitia
898 374 930 399 et
943 368 1075 399 bonitas.
1098 369 1179 408 Quae
1197 369 1327 411 quidem
1343 372 1466 411 omnia,

142 422 292 463 quoniam
311 433 375 452 non
394 427 469 452 sunt
489 420 587 463 hujus
608 421 686 460 loci,
709 432 765 451 nos
788 427 951 464 tamquam
974 428 1058 453 certa
1077 428 1109 453 et
1132 422 1343 454 demonstrata
1364 426 1466 455 sumi-

139 486 223 506 mus.
253 475 324 505 Jam
347 486 422 507 vero
444 486 485 505 an
504 475 666 517 sapientiae
690 474 927 516 perfectissimae
950 477 1099 508 convenit
1123 476 1162 507 ad
1184 477 1351 508 interitum
1375 477 1466 508 dam-

139 538 217 558 nare
236 529 373 567 animos,
396 539 475 570 quos
492 527 526 558 in
546 527 635 558 hunc
653 528 749 558 finem
772 534 890 559 creatos
913 535 1060 571 apparet,
1079 535 1117 560 ut
1135 536 1290 572 perpetua
1308 531 1465 573 cognitio-

138 571 188 610 nis
213 592 249 611 ac
270 581 396 613 virtutis
417 581 614 612 incrementa
638 581 798 623 capientes
825 582 858 611 in
882 581 966 613 diem
992 583 1069 613 fiant
1088 583 1283 614 nobiliores?
1312 584 1464 615 Attamen

138 644 176 664 eo
202 633 294 665 modo
319 634 420 665 omnis
443 634 663 677 opportunitas
685 633 724 664 ad
747 633 864 676 majora
890 635 1099 676 perveniendi
1121 635 1215 677 plane
1238 636 1275 666 iis
1299 636 1462 667 adimitur.

137 686 187 716 An
218 679 380 729 sapientiae
410 686 525 719 divinae
560 687 709 719 convenit
734 687 768 716 in
793 686 958 717 condendo
984 698 1101 729 genere
1129 688 1271 719 humano
1295 689 1463 720 consilium
1487 713 1493 717 .

137 739 297 782 quoddam
319 751 449 782 capere,
477 751 584 782 neque
606 738 789 770 hominibus
809 739 1013 782 suppeditare
1034 740 1152 781 media,
1178 741 1295 784 quibus
1322 742 1362 773 ad
1386 742 1465 773 huic

137 792 266 823 consilio
284 792 542 824 satisfaciendum
562 792 669 823 idonei
691 791 889 824 reddantur?
917 793 1066 824 Attamen
1085 793 1163 825 deus
1187 794 1350 826 hominem
1373 806 1464 826 crea-

135 846 200 885 vit,
233 852 270 877 ut
293 846 525 889 perfectionem
552 851 821 888 consequeretur,
851 857 947 888 quam
972 853 1098 887 tamen,
1128 859 1201 879 cum
1229 849 1328 890 posita
1363 850 1403 879 sit
1428 850 1462 880 in

134 899 268 931 veritate
287 905 319 930 et
335 900 471 939 virtute,
492 900 680 941 neutiquam
697 899 820 941 assequi
840 901 971 941 poterit,
993 900 1148 942 quamdiu
1167 902 1305 943 corporis
1325 902 1462 934 vinculis

134 953 322 983 constrictus
336 958 475 983 tenetur.
494 953 545 982 An
563 951 596 982 id
615 963 747 983 summae
762 953 925 995 sapientiae
940 955 1104 993 convenit,
1121 960 1157 985 ut
1174 965 1210 985 eo
1228 955 1295 997 ipso
1311 956 1462 997 temporis

134 1010 273 1047 puncto,
303 1016 368 1047 quo
387 1004 510 1035 facilior
534 1004 574 1035 ad
594 1005 747 1037 virtutem
774 1011 806 1036 et
828 1006 1058 1048 perfectionem
1083 1008 1122 1037 sit
1144 1007 1268 1047 aditus,
1297 1008 1462 1039 hominem

133 1064 204 1100 post
229 1063 274 1088 tot
295 1057 469 1088 exantlatos
490 1057 616 1088 labores
638 1057 678 1088 ad
702 1057 842 1088 nihilum
868 1058 1027 1090 reducat?
1054 1060 1204 1091 Attamen
1230 1066 1299 1091 tum
1329 1061 1460 1092 demum

132 1111 263 1152 propius
275 1121 291 1140 a
307 1110 423 1140 summi
439 1110 582 1140 numinis
597 1109 847 1151 perfectionibus
863 1110 969 1142 abesse
984 1112 1117 1153 incipiet
1131 1112 1297 1143 hominum
1316 1114 1457 1153 animus,

131 1174 205 1193 cum
232 1163 344 1205 spretis
366 1161 513 1193 omnibus
533 1161 752 1204 voluptatibus
771 1163 1013 1206 ministerioque
1037 1164 1135 1208 hujus
1165 1167 1303 1208 corporis
1327 1177 1360 1197 se
1381 1178 1460 1198 con—

129 1222 254 1248 vertere
267 1205 392 1258 ‘poterit
413 1215 453 1246 ad
474 1215 775 1258 contemplationem
796 1228 886 1259 purae
908 1218 1104 1261 sinceraeque
1126 1218 1290 1259 bonitatis,
1313 1220 1460 1262 pulchri—-

129 1269 250 1301 tudinis
269 1275 302 1300 et
321 1269 473 1302 veritatis.
504 1269 592 1307 Quid
613 1268 676 1312 jam
698 1269 841 1300 dicemus
866 1275 912 1300 tot
934 1270 1094 1310 homines,
1119 1272 1174 1313 qui
1199 1273 1233 1302 in
1252 1273 1363 1304 infimo
1382 1285 1459 1316 per-

127 1324 275 1355 fectionis
293 1323 395 1366 gradu
413 1328 478 1354 tam
498 1323 584 1353 inter
604 1322 751 1354 barbaras
772 1329 898 1366 genteS,
922 1330 1019 1366 quam
1041 1324 1183 1355 excultas
1201 1336 1327 1368 semper
1352 1337 1457 1358 rema-

126 1382 206 1408 nent
220 1382 253 1408 et
271 1387 408 1419 quorum
425 1387 514 1407 mens
528 1387 569 1406 an
585 1387 644 1419 pro
659 1376 790 1407 minima
808 1382 934 1408 tantum
951 1383 1042 1419 parte
1057 1377 1159 1408 excoli
1177 1383 1209 1408 et
1224 1378 1327 1411 evolvi
1345 1380 1455 1421 possit,

127 1430 216 1462 nulla
237 1441 303 1462 sese
324 1430 497 1462 ostendunt
516 1429 675 1473 vestigia?
706 1429 795 1468 Quid
819 1435 866 1461 tot
892 1430 1047 1470 infantes,
1079 1432 1135 1473 qui
1160 1442 1270 1462 recens
1300 1433 1367 1463 nati
1391 1432 1456 1476 jam

127 1484 329 1516 emoriuntur
337 1483 354 1514 ’.Ρ
379 1484 428 1515 An
444 1483 544 1526 igitur
561 1484 596 1514 in
616 1483 665 1514 his
686 1483 830 1514 creandis
845 1484 1007 1526 sapientiae
1025 1483 1141 1515 divinae
1162 1484 1330 1516 consilium
1349 1486 1457 1518 eludi·-

127 1535 204 1567 tur'?
233 1536 318 1576 Imo,
351 1536 429 1567 deus
450 1547 574 1568 summe
603 1536 767 1579 perfectus
796 1542 827 1567 et
857 1537 1109 1579 sapientissimus
1128 1537 1210 1568 nibil
1236 1537 1352 1569 frustra
1378 1539 1456 1570 facit

128 1588 180 1621 vel
199 1600 238 1620 ex
257 1595 364 1631 parte,
381 1589 437 1621 sed
454 1590 621 1621 hominurn
641 1591 762 1621 animos
781 1590 947 1633 magnifice
967 1595 1087 1621 creatos
1105 1602 1217 1633 purOS,
1237 1598 1399 1634 castosque
1415 1592 1453 1623 ab

128 1643 214 1673 omni
235 1643 373 1685 corporis
393 1644 579 1686 contagione
603 1643 740 1676 servabit
759 1649 791 1675 et
810 1643 852 1675 ad
871 1643 1019 1687 limpidos
1037 1650 1204 1687 certosque
1225 1645 1365 1677 veritatis
1387 1647 1452 1678 vir—-

127 1695 268 1738 tutisque
287 1695 391 1726 fontes
411 1696 558 1727 adducet.

171 1747 268 1779 Porro
290 1749 560 1791 quemadmodum
581 1749 677 1781 deum
698 1762 756 1793 pro
777 1762 831 1782 sua
856 1751 996 1794 potentia
1017 1750 1115 1783 nullis
1135 1750 1292 1782 limitibus
1310 1752 1451 1784 circum-

127 1801 240 1843 scripta
261 1801 430 1833 hominum
451 1803 563 1834 animis
583 1803 853 1835 immortalitatem
874 1804 1015 1836 tribuere
1035 1815 1124 1848 posse
1145 1815 1203 1847 per
1222 1815 1256 1835 se
1276 1811 1382 1847 patet3
1407 1807 1450 1837 ita

127 1853 205 1895 quin
228 1865 284 1896 pro
310 1852 432 1886 summa
455 1856 555 1898 ipsius
575 1856 715 1888 bonitate
741 1851 890 1897 ldvvent’
916 1858 950 1888 in
970 1857 1105 1889 dubium
1127 1858 1230 1889 vocari
1250 1869 1315 1888 non
1336 1865 1448 1901 potest.

127 1906 215 1944 Quid
236 1907 348 1938 enim?
373 1908 541 1940 Summum
561 1909 644 1940 illud
667 1921 806 1950 numen,
832 1910 919 1953 quod
943 1916 1029 1941 tanta
1051 1920 1153 1952 genus
1174 1910 1353 1943 humanum
1373 1924 1449 1955 pro—

125 1959 271 2001 sequitur
293 1958 529 2001 benevolentia,
551 1962 638 2004 quod
655 1963 778 2001 omnia,
805 1974 878 2004 quae
895 1968 1000 1993 nostra
1022 1963 1161 1994 tenuitas
1186 1974 1302 2006 capere
1325 1965 1447 2004 valeat,

124 2010 277 2043 beneficia
293 2013 445 2044 continuo
458 2014 493 2045 in
505 2024 565 2045 nos
580 2015 740 2056 conferat3
761 2016 881 2048 deusne
896 2017 994 2062 igitur
1012 2023 1144 2060 negaret
1163 2017 1258 2049 nobis.
1269 2020 1446 2051 maximum
