1747 2620
894 274 905 317 <
931 274 972 306 ³2
997 274 1008 315 >

281 361 377 394 dendi
409 358 574 390 necessitas
606 366 645 386 ex
675 354 741 396 ipso
769 350 906 382 cixitatis
935 350 1020 386 line,
1057 347 1176 378 scilicet
1205 347 1238 377 in
1270 346 1382 377 morali
1411 346 1612 379 subditoium

281 415 478 459 perfectione
500 406 717 454 promovenda
747 405 863 448 posito,
889 408 1001 445 sponte
1025 401 1166 444 pmssuit.
1198 400 1288 431 Sicut
1310 400 1397 431 enim
1420 400 1515 432 homo
1541 401 1612 432 ideo

281 481 313 501 se
340 466 517 500 adselibere
542 465 620 506 leip.
649 466 778 492 tenetut
791 483 798 497 ,
833 464 869 488 ut
901 456 1023 500 jmium
1053 466 1185 486 sumum
1217 455 1476 495 seem-itatatem,
1511 466 1613 498 eaque

281 521 445 555 commoda
466 523 602 562 quaer,at
634 526 705 557 quae
726 513 765 543 ad
786 512 1015 554 perfectionem
1037 515 1069 540 et
1093 508 1278 539 felicitatem
1304 520 1394 539 suam
1420 521 1614 552 promoven-

281 578 353 609 dam
370 579 528 618 spectant3
549 572 592 602 ita
609 570 704 600 etiam
720 566 799 598 latio
820 565 859 596 ab
876 575 913 596 eo
931 563 1086 607 postulat,
1109 569 1146 594 ut
1165 564 1249 593 inte1
1266 563 1453 594 constitutas
1472 564 1614 597 civitates

281 642 349 663 eam
372 629 483 671 eligat,
506 636 581 668 quae
603 624 633 654 ei
653 621 831 653 secundum
850 620 988 663 privatas
1009 629 1080 649 suas
1101 617 1270 648 ielationes
1295 617 1366 648 finis
1386 618 1435 649 sui
1459 629 1614 661 persecu-

280 685 400 715 tionem
423 679 607 711 facillimam
628 675 743 708 reddit.
776 674 850 704 Haec
876 673 974 715 igitm
994 671 1137 702 electio'
1130 672 1189 713 ipsi
1216 670 1314 702 libera
1338 671 1478 716 relinqui
1503 673 1615 714 debet,

283 748 385 780 quum
405 734 515 776 negari
536 736 690 774 nequeat,
712 730 744 759 in
762 739 875 771 magna
890 727 944 758 illa
961 727 1127 758 civitatum
1149 738 1184 757 ac
1200 727 1407 769 pe1fectionis
1428 738 1481 759 eai
1485 740 1540 760 um
1559 740 1616 761 va-

282 792 394 822 rietate
414 788 552 831 privatos
570 786 603 815 in
625 783 688 815 unzi
710 782 823 813 melius
845 792 939 823 quam
959 781 992 811 in
1014 780 1111 811 altera
1132 782 1209 811 lines
1228 792 1301 812 suos
1317 781 1486 814 rationales
1507 794 1617 825 perse-

283 847 340 888 qui
354 854 454 887 posse.
482 841 685 882 Quapropter
706 836 788 867 nulli
805 836 899 866 etiam
921 834 1047 865 subdito
1065 834 1250 877 deneganda
1271 842 1318 866 est
1337 836 1473 868 facultas
1492 848 1531 869 ex
1552 837 1616 869 una

283 890 412 930 civitate
434 893 623 931 decedendi,
645 897 682 922 ut
703 890 834 920 alteram
854 890 954 927 ineat,
976 888 1008 918 in
1031 899 1092 930 qua
1110 888 1203 919 saluti
1221 900 1286 920 suec
1309 889 1421 921 melius
1436 891 1618 934 prospicere

285 962 374 995 posse
398 953 585 990 augiuatm.

327 1004 439 1046 Neque
458 1002 492 1031 in
513 997 703 1030 contrariam
723 993 913 1025 sententiam
935 1003 1064 1024 movele
1084 993 1192 1032 debet,
1213 995 1299 1036 quod
1318 997 1464 1028 concessa
1485 997 1620 1029 subditis

285 1057 383 1090 lihela
410 1052 587 1097 emigrandi
617 1050 791 1087 facultate,
820 1046 1032 1078 metuendum
1060 1046 1118 1087 sit,
1155 1057 1194 1077 ne
1226 1048 1292 1090 ipsa
1319 1048 1519 1091 respublica,
1548 1060 1620 1092 quae

285 1118 402 1144 aeterna
421 1119 486 1140 esse
507 1106 617 1145 debet,
642 1102 847 1141 dissolvatur,
874 1100 923 1131 vel
949 1100 1059 1130 saltem
1082 1111 1123 1131 ne
1145 1100 1227 1131 vires
1249 1107 1346 1144 atque
1367 1113 1442 1145 opes
1465 1102 1534 1146 ejus
1557 1103 1620 1134 mi—

285 1171 440 1199 nuantur.
466 1163 522 1194 Hae
543 1161 629 1192 enim
650 1158 787 1190 rationes
807 1167 845 1187 ex
868 1154 1038 1198 prudentia
1058 1158 1184 1185 tantum
1210 1154 1339 1197 politica
1359 1155 1497 1197 haustae,
1524 1157 1620 1188 etiam

285 1222 310 1252 si
332 1223 480 1262 respectu
504 1215 543 1247 ad
566 1225 636 1246 eam
657 1211 800 1244 fundatae
821 1215 941 1248 essent,
969 1215 1075 1239 tamen
1099 1208 1209 1240 tollere
1229 1220 1294 1240 non
1315 1217 1443 1253 possent
1468 1212 1622 1243 rationale

285 1273 486 1306 subditorum
506 1269 645 1301 officium
662 1278 733 1298 eam
754 1265 915 1296 civitatem
931 1262 1082 1302 ineundi,
1107 1263 1140 1293 in
1165 1263 1229 1305 qua
1251 1264 1449 1295 commodius
1470 1266 1549 1296 fines
1570 1277 1623 1297 ra—

284 1328 378 1360 tionis
398 1326 555 1367 attingere
571 1331 660 1365 posse
676 1320 734 1351 sibi
750 1317 936 1356 videantur,
958 1316 1019 1347 hoc
1038 1323 1146 1348 autem
1163 1316 1264 1348 officio
1282 1317 1488 1358 subsistente,
1509 1330 1622 1350 neces-

285 1382 366 1413 sario
387 1380 483 1411 etiam
503 1376 672 1409 subsistere
694 1373 789 1405 debet
809 1370 987 1413 emigrandi
1010 1370 1149 1402 libertas.
1175 1371 1268 1402 Nuda
1290 1372 1386 1403 etiam
1408 1373 1622 1415 quorumdam

286 1434 430 1472 assertio,
458 1430 569 1463 incolis
593 1440 658 1460 non
679 1428 778 1470 magis
798 1425 895 1456 licere
915 1423 1016 1454 invita
1040 1424 1169 1454 civitate
1192 1424 1232 1455 ab
1252 1425 1288 1455 ea
1310 1425 1494 1464 discedere,
1525 1438 1622 1468 quam

286 1487 406 1520 civitati
427 1486 568 1519 invitum
586 1482 723 1514 incolam
745 1478 923 1523 expellere,
949 1476 1086 1519 simplici
1106 1476 1317 1519 denegatione
1340 1478 1419 1511 solvi
1441 1490 1546 1522 posse,
1568 1479 1623 1510 illo

287 1541 388 1574 officio
410 1538 557 1582 probato,
585 1537 766 1579 opinamur.

330 1595 437 1626 Etiam
457 1594 491 1624 in
507 1592 619 1634 Belgio
636 1589 686 1633 jus
702 1586 859 1631 migrandi
874 1586 1033 1618 extraneis
1049 1585 1198 1617 relictum
1216 1596 1296 1625 esse,
1317 1586 1404 1617 haud
1423 1586 1521 1619 dubie
1538 1587 1625 1619 affir—

287 1648 442 1682 mandum
463 1652 526 1685 est,
546 1644 639 1676 modo
654 1649 825 1675 extraneus
840 1640 943 1672 incola
964 1645 1020 1671 aut
1036 1640 1225 1683 peregrinus
1242 1650 1349 1682 neque
1369 1639 1494 1679 delicti,
1517 1652 1624 1683 neque

290 1703 388 1735 debiti
407 1712 480 1733 reus
494 1701 550 1739 sit,
565 1710 671 1742 neque
686 1698 769 1742 juste
785 1695 964 1727 timendum
981 1696 1036 1734 sit,
1058 1705 1100 1725 ne
1120 1694 1272 1725 securitas
1288 1693 1366 1736 pub.
1389 1693 1428 1724 ab
1447 1695 1625 1736 emigrante

289 1756 425 1790 laesionis
447 1753 590 1798 periculo
609 1757 801 1796 exponatur.
827 1751 921 1793 (Arg.
945 1755 1004 1781 art.
1027 1748 1067 1780 13
1085 1747 1120 1779 C.
1140 1747 1208 1781 Civ.
1230 1747 1352 1781 verbis:
1373 1753 1448 1778 tant
1467 1747 1565 1790 qu’c'l.
1582 1766 1625 1774 —-

290 1811 448 1850 Martens,
464 1808 598 1851 pre'cis,
625 1806 648 1837 l.
669 1806 699 1838 3.
722 1804 774 1837 ch.
796 1804 826 1836 3.
852 1803 958 1845 §91).

335 1917 426 1950 XV1.
461 1916 533 1947 Jam
551 1913 716 1957 descriptis
736 1911 860 1957 juribus
876 1917 1102 1943 extraneorum
1118 1911 1151 1942 in
1170 1910 1282 1954 Belgio
1300 1909 1451 1954 publicis,
1471 1910 1511 1942 de
1530 1909 1626 1941 modo

293 1970 530 2004 vindicationis
557 1968 670 1999 tutelae
690 1978 801 1998 eoram
817 1965 951 2008 jurium
977 1965 1205 2008 exponendum
1230 1971 1286 1996 est.
1319 1965 1381 2008 Ipsi
1405 1971 1514 1996 autem
1540 1963 1627 1995 illius

294 2024 516 2058 vindicationis
535 2021 621 2053 modi
642 2022 738 2053 etiam
757 2026 910 2064 tanquam
930 2019 1002 2064 jura
1026 2019 1217 2062 (facultates
1237 2019 1404 2062 legitimae)
1425 2017 1627 2050 subditorum

296 2076 532 2112 considerandae
568 2081 666 2117 sunt,
714 2080 811 2119 atque
850 2074 1130 2119 comprehendunt
1164 2073 1352 2106 facultatem
1387 2085 1405 2105 a
1439 2071 1627 2114 magistratu
