1747 2620
916 264 1027 307 (16)

360 351 440 389 Quae
462 347 589 391 quidem
608 341 811 376 Rousseauvii
834 339 988 382 principia
1008 336 1046 368 ab
1069 334 1214 367 omnibus
1238 335 1271 366 in
1298 334 1399 366 Gallia
1426 335 1630 378 scriptoribus

315 414 468 436 novarum
484 412 590 432 rerum
606 397 728 440 cupidis
742 405 865 426 summo
880 404 954 423 cum
971 390 1126 433 applausu
1139 394 1270 430 excepta
1286 394 1381 430 atque
1397 388 1627 431 defensaijsunt.

316 457 385 489 Non
407 460 452 486 est
472 453 628 496 profecto,
659 448 742 492 quod
767 448 819 478 hic
844 457 954 477 eorum
980 444 1107 474 nomina
1132 452 1367 473 recenseamus:
1393 453 1498 485 neque
1523 449 1630 474 tamen

316 509 438 540 silentio
461 505 621 549 praeterire
651 503 725 534 licet
748 501 853 533 virum
885 498 1061 535 famosum,
1093 495 1270 526 acutissimo
1295 495 1423 537 ingenio
1447 501 1480 526 et
1506 496 1630 528 summa

316 558 520 592 ratiocinandi
539 558 570 589 vi
590 555 773 598 praeditum,
792 553 921 593 Sieyes,
947 550 1003 593 qui
1020 549 1105 580 illam
1126 548 1165 579 de
1184 559 1330 590 suprema
1350 548 1460 590 populi
1479 555 1631 590 potestate

316 615 488 645 doctrinam
510 611 548 641 ad
569 621 617 641 res
631 608 772 651 publicas
787 604 1020 636 constituendas
1041 609 1072 633 et
1095 600 1353 632 administrandas
1370 601 1540 632 transferre
1560 607 1631 633 stu-

316 668 385 698 duit
409 672 441 696 et
460 664 618 696 adhibere.
638 663 674 692 In
691 659 860 692 Germania
876 669 950 689 vero
971 656 1077 699 magni
1099 654 1234 685 nominis
1250 653 1443 696 philosophi,
1466 659 1502 684 ut
1517 654 1627 691 Kant,

315 720 450 755 Ficlzte,
473 715 720 758 Heydenreiclt,
749 713 864 754 aliique
885 721 981 752 quam
1000 709 1129 751 plurimi
1149 708 1329 750 scriptores,
1356 707 1560 738 Rousseauvii
1579 707 1629 739 vel

315 771 460 803 Hobbesii
471 770 624 812 principia
637 768 674 798 de
686 766 801 797 summi
816 764 941 806 imperii
953 763 1074 805 origine
1083 786 1090 800 ,
1113 763 1143 792 vi
1154 768 1249 803 atque
1261 766 1373 791 natura
1387 760 1524 802 amplexi
1539 767 1628 800 sunt,

316 825 367 858 vel
378 822 548 865 temperata
560 821 726 862 utriusque
737 818 872 849 auctoris
882 815 1023 847 doctrina
1032 839 1040 855 ,
1051 815 1182 845 mediam
1194 813 1351 856 quandam
1362 813 1528 856 elegerunt
1536 814 1629 844 viam.

360 877 481 907 Verum
506 873 724 905 recentissimis
744 869 938 912 temporibus
960 869 1112 899 sententia
1138 878 1263 906 eorum,
1285 868 1340 909 qui
1363 868 1496 900 civitatis
1516 873 1548 898 et
1568 868 1632 898 im-

316 930 395 971 perii
421 928 556 970 origines
580 927 611 956 in
642 924 850 955 conventione
877 921 1081 964 quaerebant,
1109 921 1270 951 communi
1300 920 1439 952 virorum
1466 919 1631 951 doctorum

317 992 469 1013 consensu
486 979 547 1023 jam
569 976 767 1020 comprobata
788 981 820 1006 et
836 974 987 1013 stabilita,
1012 973 1050 1004 ab
1069 973 1137 1003 aliis
1157 973 1261 1003 denuo
1279 974 1431 1004 acerrime
1449 974 1632 1015 impugnari

317 1036 422 1076 coepit.
453 1033 564 1071 Quum
586 1031 672 1061 enim
696 1029 861 1072 scriptores
888 1027 1025 1070 politici,
1053 1026 1269 1057 conventionis
1297 1025 1382 1056 illius
1405 1026 1436 1057 vi
1458 1032 1490 1056 et
1517 1026 1632 1057 natura

317 1097 482 1129 perperam
505 1084 694 1127 plerumque
714 1080 890 1119 intellecta,
908 1079 958 1111 vel
973 1079 1200 1110 intolerabilem
1215 1079 1396 1121 principum
1416 1078 1632 1121 tyrannidem,

316 1139 369 1172 vel
388 1139 571 1170 effrenatam
592 1135 701 1179 populi
721 1134 967 1165 dominationem
988 1132 1237 1171 constituissent3
1261 1142 1366 1174 neque
1392 1132 1501 1173 negari
1519 1133 1632 1174 possit,

318 1192 470 1235 principia
490 1190 542 1220 illa
561 1190 594 1220 in
614 1199 720 1219 rerum
742 1187 942 1230 publicarum
959 1185 1155 1227 disciplinam
1178 1185 1338 1227 totiusque
1357 1184 1489 1215 humani
1509 1185 1633 1227 generis

317 1244 527 1275 conditionem
553 1242 665 1284 saepius
694 1240 920 1271 funestissimos
948 1239 1094 1269 habuisse
1118 1238 1267 1269 effectus:
1300 1238 1426 1277 evenit,
1460 1244 1512 1277 ut,
1547 1237 1633 1280 quod

317 1297 481 1339 scriptores
499 1294 619 1337 politici
639 1298 833 1335 peccassent,
860 1292 920 1334 ipsi
940 1291 1090 1322 doctrinae
1112 1290 1151 1321 de
1172 1291 1296 1332 imperii
1321 1291 1442 1332 origine
1466 1290 1501 1320 in
1523 1290 1634 1332 populi

318 1349 525 1381 conventione
549 1345 718 1389 quaerenda
741 1351 860 1375 temere
887 1344 1100 1384 tribueretur,
1124 1355 1257 1386 eamque
1280 1343 1391 1386 'plures
1414 1354 1479 1374 non
1505 1343 1569 1386 jam
1595 1343 1635 1374 ab

318 1402 472 1433 erroribus
492 1401 658 1441 hucusque
685 1399 854 1428 commissis
874 1397 1061 1436 liberarent,
1091 1397 1145 1428 sed
1168 1397 1293 1436 falsam,
1317 1397 1525 1439 omniumque
1549 1396 1634 1428 cala—-

316 1456 462 1486 mitatum
478 1452 677 1495 publicarum
695 1462 820 1482 causam
841 1451 969 1481 omnino
989 1450 1246 1481 condemnarent.
1269 1450 1319 1481 Ad
1339 1450 1395 1481 hos
1415 1455 1558 1481 auctores
1576 1450 1634 1481 ad—

318 1519 413 1539 versae
427 1506 539 1537 scholae
555 1504 692 1535 addictos
703 1504 874 1545 praesertim
890 1504 1050 1545 pertinent
1064 1503 1097 1533 in
1112 1503 1214 1534 Gallia
1231 1503 1384 1539 Bonald,
1404 1503 1451 1533 Le
1466 1503 1632 1539 Maistre,

318 1561 370 1591 La
391 1559 549 1591 Mennais
557 1571 570 1596 ,-
587 1558 620 1587 in
638 1556 808 1587 Germania
823 1557 1010 1592 Ancillon,
1036 1557 1212 1597 Koeppen,
1235 1556 1444 1594 Zachariae,-
1459 1556 1542 1586 inter
1556 1567 1634 1598 quos

318 1620 423 1644 tamen
440 1622 547 1642 omnes
569 1616 601 1640 et
626 1610 764 1642 veritatis
779 1620 898 1648 amore,
922 1616 953 1639 et
971 1609 1120 1640 doctrinae
1137 1609 1249 1650 copiiS,
1267 1614 1299 1639 et
1319 1609 1465 1639 orationis
1488 1609 1635 1639 acumine

318 1667 436 1697 eminet
461 1665 598 1695 Carolus
618 1663 806 1693 Ludovicus
829 1662 867 1693 de
886 1663 1021 1693 H‘aller.

362 1717 515 1756 Quamvis
540 1721 645 1746 autem
670 1716 704 1745 in
725 1714 856 1745 dubium
884 1716 988 1746 vocari
1011 1726 1074 1745 non
1099 1717 1210 1758 possit,
1235 1715 1400 1757 scriptores
1423 1713 1491 1744 illos
1514 1714 1634 1755 gravis-

319 1771 470 1801 simorum
498 1773 777 1810 argumentorum,
803 1778 877 1798 cum
905 1778 943 1798 ex
966 1768 1106 1808 ratione,
1136 1774 1205 1799 tum
1230 1778 1268 1797 ex
1292 1766 1419 1796 historia
1443 1765 1632 1807 petitorum,

319 1828 472 1866 apparatu
492 1827 650 1863 receptam
671 1820 852 1862 opinionem
870 1822 1086 1863 impugnasse3
1109 1820 1258 1863 equidem
1287 1825 1393 1849 tamen
1415 1818 1528 1857 fateor,
1555 1818 1634 1848 mihi

319 1876 524 1907 subtilitatem
544 1885 653 1905 eorum
674 1884 875 1916 nequaquam
894 1874 1086 1904 satisfecisse.
1104 1873 1184 1904 Nam
1204 1873 1260 1904 etsi
1282 1883 1339 1914 ego
1360 1882 1486 1913 quoque
1503 1871 1635 1901 firmiter

320 1938 504 1971 persuasum
523 1926 672 1965 habeam,
698 1927 814 1957 summi
836 1927 961 1969 imperii
990 1927 1142 1969 originem
1167 1927 1200 1956 in
1230 1925 1340 1968 populi
1364 1935 1517 1955 consensu
1545 1934 1635 1965 quae-

321 1981 451 2012 rendam
468 1990 549 2019 esse,
567 1980 697 2010 minime
713 1984 818 2010 tamen
835 1990 961 2021 possum
976 1978 1026 2012 vel
1046 1978 1193 2011 Hobbesii
1214 1978 1265 2011 vel
1284 1977 1487 2008 Rousseauvii
1506 1981 1633 2007 senten-

322 2036 373 2066 tiae
396 2032 589 2075 adstipulari.
