1747 2620
722 251 735 294 (
759 252 798 283 13
823 250 835 292 )

116 333 289 378 superiori,
311 330 509 374 scapularem
526 326 741 370 superiorem,
764 334 836 366 quae
856 322 1009 366 quosdam
1030 331 1161 365 quoque
1179 330 1281 351 ramos
1297 310 1449 350 musculis

116 388 255 430 regionis
272 384 401 417 dorsalis
418 381 612 426 impertitur.
633 378 693 410 Hae
709 377 846 411 veniunt
859 375 898 406 ab
915 374 1029 407 arteria
1046 372 1230 412 subc-lavet,
1247 371 1339 415 cujus
1354 382 1450 402 exac—

119 442 238 473 tissime
260 440 356 471 situm
376 442 551 470 monstrare
568 434 735 471 debemus,
749 431 870 474 quippe
888 429 964 472 quia
981 439 1019 460 ex
1036 428 1135 471 ipsius
1152 424 1331 457 laesionibus
1345 424 1451 455 letha-

120 494 208 533 litas,
223 499 262 525 ut
280 492 458 536 plurimum
476 500 541 520 non
559 485 747 526 avertenda,
763 494 894 527 surgere
915 488 1032 526 potest,
1054 481 1094 513 ad
1108 486 1231 524 partem
1252 479 1351 522 igitur
1365 477 1453 508 infe—

120 548 238 579 riorem
261 544 461 589 paulumque
484 541 649 574 lateralem
672 539 746 571 colli
770 539 849 578 sita,
874 537 1030 568 anteriora
1053 541 1086 567 et
1109 534 1270 578 paulisper
1296 532 1453 563 exteriora

120 611 231 634 versus
250 600 285 630 in
301 598 424 630 ratione
438 608 513 629 cum
529 593 702 635 clavicula,
723 592 805 626 vena
820 590 1006 631 subclavea,
1023 590 1131 623 nervis
1149 585 1454 632 pneumo-gastricis

120 660 154 686 et
174 653 329 697 phrenico
348 652 497 695 ponitur,
523 650 695 694 posteriora
719 658 830 680 versus
850 656 926 677 cum
949 643 1099 676 columna
1122 641 1292 675 vertebrali
1311 646 1344 672 et
1364 650 1455 671 mus-

122 707 196 739 culo
215 706 397 749 longissimo
417 704 505 744 colli,
524 709 704 735 extrorsum
725 712 802 733 cum
817 699 908 742 apice
924 698 1104 742 pulmonis,
1124 698 1298 728 introrsum
1315 694 1455 736 denique

124 773 199 794 cum
222 759 337 793 arteria
361 757 519 791 carotidea
539 755 713 800 primitiva.

676 874 723 894 DE
768 873 903 893 VENIS.

178 954 278 986 Venae
302 951 518 984 intercostales
534 975 542 990 ,
572 946 816 982 ramificationes
850 948 1040 979 arteriarum
1069 944 1213 989 ejusdem
1242 940 1380 973 nominis
1409 940 1459 982 (1)

126 1008 255 1040 omnino
279 1011 461 1049 sequuntur
485 1004 541 1035 sed
564 1002 775 1036 diversimodo
799 1002 1034 1040 terminantur,
1062 1000 1174 1031 dextra
1196 1004 1304 1029 autem
1325 994 1458 1038 sangui-

127 1072 202 1092 nem
217 1071 313 1091 suum
329 1069 483 1090 venosum
504 1057 538 1088 in
555 1067 669 1089 venam
690 1067 818 1099 azyges,
834 1055 967 1086 sinistrae
983 1054 1057 1086 vero
1072 1054 1106 1084 in
1121 1063 1235 1084 venam
1252 1050 1461 1091 semi-azygos

127 1112 327 1145 infundunt:
343 1111 383 1142 de
405 1110 485 1143 vena
504 1121 615 1153 azygos
634 1115 666 1141 et
685 1109 895 1151 semi—azygos
915 1118 1018 1138 sermo
1037 1106 1098 1137 erit
1117 1103 1245 1147 quando
1260 1102 1300 1133 de
1319 1100 1463 1144 partibus

127 1166 271 1198 Thorace
299 1165 456 1197 contentis
484 1163 645 1207 agendum
673 1163 744 1194 erit.
788 1161 984 1193 Mammariae
1007 1159 1143 1190 internae
1168 1157 1218 1188 uti
1245 1153 1462 1187 intercostales

129 1220 274 1252 eamdem
294 1218 530 1262 dispositionem
546 1216 666 1248 habent
685 1227 721 1247 ac
742 1215 865 1247 arteriae
884 1213 1027 1258 ejusdem
1046 1211 1184 1243 nominis
1202 1210 1267 1252 (2),
1288 1215 1320 1240 et
1334 1218 1464 1251 quoque

128 1273 216 1306 vario
236 1272 344 1311 niodo,
367 1271 474 1314 prouti
490 1270 529 1301 ad
543 1269 626 1301 latus
645 1268 793 1300 dextrum
816 1267 866 1299 vel
883 1266 922 1298 ad
937 1266 1099 1297 sinistrum
1116 1268 1276 1306 spectant,
1295 1261 1462 1300 desinunt,

127 1327 239 1358 dextra
261 1331 370 1356 autem
394 1323 584 1367 sanguinem
607 1333 704 1354 suum
732 1332 823 1354 venae
847 1332 932 1352 cavae
952 1319 1131 1363 superiori,
1159 1318 1292 1348 sinistrae
1313 1327 1331 1347 e
1355 1321 1464 1347 contra

128 1382 234 1424 ipsum
253 1391 342 1412 venae
358 1378 536 1410 subclaveae
555 1377 689 1408 sinistrae
708 1376 859 1407 afferunt.
882 1374 1044 1413 Quoniam
1065 1371 1196 1403 lethalia
1214 1376 1290 1402 sunt
1307 1380 1465 1401 venarum

132 1433 374 1466 subclavearum
397 1431 529 1464 vulnera
541 1455 549 1471 ,
569 1431 703 1462 istarum
717 1440 807 1460 nunc
821 1433 952 1459 exactus
966 1427 1044 1458 situs
1058 1431 1155 1468 atque
1170 1425 1249 1456 ratio
1265 1434 1339 1455 cum
1353 1422 1466 1454 vicinis

132 1487 275 1531 partibus
298 1492 497 1529 sequuntur:
522 1496 604 1517 vena
629 1483 796 1516 subclavea
820 1482 930 1513 dextra
955 1486 1134 1511 antrorsum
1158 1477 1320 1520 obtegitur
1342 1481 1467 1507 sterno-

135 1539 443 1578 cleido-mastoideo,
459 1538 681 1570 articulatione
700 1534 1027 1574 sterno-claviculari,
1043 1539 1075 1565 et
1090 1532 1191 1576 prima
1208 1531 1308 1570 costa,
1326 1534 1467 1572 postror-

135 1605 206 1624 sum
230 1599 473 1635 extrorsumque
493 1592 616 1635 paginae
637 1590 756 1622 dextrae
778 1589 975 1628 mediastini,
1000 1598 1100 1620 nervo
1120 1584 1415 1629 pneumo-gastrico
1436 1588 1468 1613 et

137 1646 259 1677 arteriae
281 1644 457 1677 subclaveae
477 1644 595 1675 dextrae
616 1640 805 1687 applicatur.
831 1643 922 1674 Vena
937 1641 1105 1674 subclavea
1125 1641 1249 1671 sinistra
1269 1639 1309 1670 ab
1329 1637 1468 1680 analogis

137 1698 280 1742 partibus
299 1709 427 1741 quoque
442 1698 579 1740 tegitur,
596 1697 652 1728 sed
670 1703 824 1740 praeterea
845 1708 861 1727 a
881 1701 945 1727 tota
960 1695 1059 1727 sterni
1072 1693 1243 1725 latitudine
1263 1698 1296 1723 et
1315 1691 1467 1723 musculis

137 1753 205 1795 ipso
238 1751 484 1783 adhaerentibus.
516 1750 615 1782 Venae
643 1750 891 1793 diaphragmatis
919 1753 995 1780 sunt
1021 1747 1292 1791 diaphragmatica
1323 1745 1466 1787 superior

141 1804 266 1845 dextra,
283 1816 355 1848 quae
375 1804 415 1836 ad
430 1815 544 1837 venam
562 1816 671 1837 cavam
686 1804 901 1847 superiorem;
919 1802 1064 1845 superior
1079 1801 1219 1838 sinim-a,
1240 1810 1312 1841 quae
1327 1798 1367 1829 ad
1382 1797 1468 1841 ejus-

142 1857 215 1888 dem
238 1857 344 1888 lateris
368 1857 570 1889 subclaveam
597 1868 732 1897 venam,
767 1863 800 1888 et
825 1856 955 1888 tandem
991 1853 1270 1898 diaphragmaticae
1303 1852 1468 1883 inferiores

142 1921 214 1953 quae
233 1909 274 1940 ad
293 1920 407 1942 venam
426 1922 536 1943 cavam
559 1910 747 1942 inferiorem
774 1910 926 1942 tendunt.

231 2023 276 2051 (ι)
293 2021 430 2045 Videautur
444 2030 501 2054 pag.
524 2032 564 2047 11.

232 2062 276 2091 (2)
293 2061 429 2086 videantur
444 2069 502 2093 pag.
522 2063 562 2085 ιδ.
