1747 2620
894 231 906 274 <
932 232 994 263 132
1017 232 1028 274 )

293 306 514 347 educendum,
543 307 750 350 empyematis
777 316 895 348 nempe
920 305 1114 348 operatione.
1144 304 1219 336 Haec
1246 315 1318 336 mea
1343 306 1450 348 opinio
1476 305 1539 350 jam
1565 306 1629 338 fuit

294 361 497 404 aliquatenus
516 361 533 391 a
550 361 675 391 Bolmio
693 361 891 403 p1·aesentita·,
913 360 956 390 ait
971 360 1057 390 enim
1076 359 1129 390 ille
1146 365 1257 390 auctor
1272 359 1337 401 (1):
1368 371 1386 390 <(
1403 359 1435 390 Si
1451 360 1508 402 qui
1529 371 1547 391 e
1567 360 1629 392 tale

294 426 313 446 ))
329 415 465 447 vulnere
491 415 539 446 vel
562 414 800 457 supervixerint
822 413 874 445 vel
897 424 955 455 per
978 413 1112 455 longum
1132 419 1179 443 sat
1199 413 1350 455 temporis
1372 413 1509 456 spatium
1531 413 1630 446 vitam

294 480 419 500 »suam
441 468 668 511 produxerint,
694 468 726 498 id
748 468 838 498 tieret
860 478 898 497 ex
920 478 957 497 eo
981 467 1066 509 quod
1086 478 1150 498 non
1171 473 1305 498 truncus
1325 466 1441 498 ductus
1462 466 1630 497 Thoracici

295 534 314 554 ))
331 524 479 565 princeps
495 522 548 552 sed
566 521 709 564 quaedam
726 521 825 563 ipsius
841 521 1031 562 propagines
1047 519 1126 551 laesae
1142 519 1305 560 fuerint⁷⁷,
1321 520 1383 564 jam
1400 521 1498 563 igitur
1513 531 1630 563 quam-

295 576 367 607 dam
391 577 545 608 evasionis
565 587 653 618 spem
673 574 842 606 admittere
863 574 1003 616 cogitur3
1020 573 1128 618 adjicit
1152 579 1274 614 tamen,
1303 586 1321 605 <c
1338 574 1410 605 ideo
1430 585 1494 605 non
1510 573 1550 605 de
1566 585 1632 604 non

295 642 315 661 )>
332 630 522 660 lethalitate
534 629 690 673 ejusmodi
702 628 875 661 vulnerum
889 627 1147 659 concludendum
1160 627 1244 659 esse⁷’
1253 652 1261 668 ,
1273 640 1329 659 nos
1340 628 1489 670 equidem
1502 627 1632 659 nullum

295 684 334 715 de
353 684 530 716 lethalitate
550 685 640 716 istius
662 683 916 726 periculosissimi
936 682 1078 715 vulneris
1101 682 1237 713 dubium
1258 682 1409 722 ferimus,
1428 682 1482 713 sed
1496 687 1632 713 conten-

295 737 401 769 dimus
428 738 613 781 hujusmodi
639 748 748 768 omnes
773 736 913 768 laesiones
940 735 1082 767 absolute
1107 743 1139 768 et
1162 735 1338 768 necessarie
1363 737 1540 768 mortiferas
1567 747 1633 766 non

295 804 378 832 esse,
399 792 636 835 aliquandoque
658 792 713 822 has
733 802 822 834 posse
843 791 962 821 sanari:
984 791 1106 821 Alberti
1127 790 1167 821 de
1189 790 1290 822 ductu
1308 790 1482 821 Thoracico
1498 789 1633 832 loquens

296 847 340 876 ait
365 846 431 888 (2):
462 846 561 888 ipsius
587 845 721 877 vulnera
751 857 815 875 non
841 851 916 875 sunt
946 843 1088 875 absolute
1113 843 1241 874 lethalia
1255 868 1263 882 ‚
1296 846 1370 886 quia
1404 843 1535 874 sauciati
1569 854 1632 873 non

297 912 314 930 (<
333 899 532 939 immediate,
559 899 613 930 sed
631 898 718 929 lente
742 904 772 929 et
794 898 865 928 tabe
888 898 989 929 veluti
1011 897 1198 928 corrodente
1219 897 1400 928 occidunt.'’

342 955 519 992 Praeterea,
546 954 570 984 si
600 953 717 984 ductus
743 952 937 982 Thoracicus
962 951 1058 982 unico
1085 950 1279 981 formaretur
1303 950 1429 988 canale,
1456 956 1488 980 et
1510 950 1550 988 si,
1574 949 1635 981 sub

296 1007 394 1038 hacce
415 1006 651 1038 circumstantia
669 1007 711 1036 ita
729 1005 970 1044 vulneraretur,
990 1010 1028 1035 ut
1047 1016 1112 1035 non
1132 1010 1218 1035 totus
1238 1003 1477 1035 abscinderetur
1496 1002 1551 1034 sed
1566 1002 1635 1046 ejus

297 1060 519 1092 tantummodo
535 1061 671 1103 parietes
688 1059 980 1102 pertunderentur‚
1002 1058 1121 1090 vulnus
1141 1058 1221 1089 illud
1240 1058 1543 1101 periculosissimum
1561 1069 1637 1088 sane

297 1116 381 1146 foret
410 1115 600 1154 dicendum,
632 1120 772 1145 attamen
804 1113 949 1156 quaedam
977 1113 1147 1143 sanationis
1175 1123 1245 1155 spes
1270 1112 1376 1143 adhuc
1399 1118 1478 1143 tunc
1502 1112 1636 1143 illucere

296 1175 418 1212 posset,
452 1181 526 1199 uam
553 1170 578 1198 si
605 1168 763 1198 sauciatus
792 1167 921 1209 quietus
946 1171 1073 1204 manet,
1103 1166 1128 1195 si
1153 1177 1282 1207 parcam
1312 1172 1442 1197 tenuem
1470 1171 1566 1208 atque
1597 1165 1637 1196 de

298 1229 442 1265 tempore
459 1223 491 1252 in
510 1228 636 1264 tempus
657 1220 845 1251 sumendam
863 1220 988 1251 diaetam
1009 1219 1169 1258 observat,
1188 1220 1213 1250 si
1229 1225 1387 1262 quantum
1403 1221 1499 1262 possit
1513 1219 1637 1262 liquido

298 1277 450 1316 abstinet,
468 1282 571 1319 potest
587 1276 716 1306 fortasse
733 1275 898 1317 pristinam
911 1284 1002 1303 suam
1016 1273 1182 1303 sanitatem
1199 1283 1400 1315 recuperare.
1424 1273 1638 1315 Soemmering

298 1332 381 1362 hanc
405 1332 587 1374 opinionem
612 1331 708 1361 etiam
730 1329 951 1372 amplectitur,
975 1327 1114 1358 declarat
1132 1327 1218 1358 enim
1239 1327 1304 1369 (3):
1331 1326 1510 1358 curandum
1536 1326 1637 1359 videri

297 1386 515 1429 periculosum
532 1385 615 1416 istud
630 1385 763 1423 vulnus,
776 1384 867 1414 diaeta
880 1382 974 1425 parca
990 1382 1095 1424 parvis
1107 1381 1289 1424 potionibus
1303 1381 1457 1412 sumenda
1473 1386 1505 1411 et
1515 1381 1635 1422 quiete.

343 1442 391 1471 Ex
411 1439 567 1471 anatomia
584 1439 715 1470 demum
735 1439 852 1470 scimus
871 1437 1004 1468 ductum
1024 1437 1235 1467 Thoraeicum
1256 1434 1428 1477 aliquando
1445 1433 1571 1465 duobus
1586 1434 1638 1466 vel

300 1493 401 1525 tribus
418 1495 555 1532 truncis,
568 1494 625 1536 qui
640 1494 671 1523 iu
689 1504 800 1525 venam
820 1491 1022 1523 subclaveam
1035 1497 1066 1521 et
1081 1490 1260 1534 jugularem
1273 1490 1432 1520 internam
1446 1489 1554 1528 hiant,
1571 1495 1638 1520 ter-

299 1550 414 1580 minari
435 1549 498 1591 (4),
519 1549 544 1579 si
564 1560 668 1588 nunc,
685 1549 719 1578 in
734 1547 900 1578 individuo
918 1545 1055 1589 quodam
1066 1569 1074 1584 ‚
1090 1545 1183 1589 cujus
1199 1543 1315 1575 canalis
1330 1543 1524 1574 Thoracicus
1541 1542 1639 1574 talem

300 1603 536 1646 dispositionem
559 1615 624 1646 prae
644 1614 676 1633 se
701 1602 780 1640 fert,
803 1600 921 1633 vulnus
943 1599 1119 1643 quoddam,
1142 1598 1246 1629 illaesis
1266 1596 1475 1628 nobilioribus
1495 1597 1637 1640 organis,

299 1657 472 1699 infligitur,
494 1668 558 1699 quo
574 1667 659 1687 unus
674 1655 795 1687 aliusve
810 1655 926 1686 horum
945 1661 1134 1686 truncorum
1150 1651 1346 1684 abscinditur
1361 1657 1417 1682 aut
1432 1650 1637 1691 vulneratum

301 1711 403 1742 omnis
429 1710 546 1741 exinde
570 1721 635 1741 non
661 1709 908 1741 communicatio
940 1709 1024 1739 inter
1055 1707 1190 1738 ductum
1217 1705 1431 1737 Thoracicum
1462 1710 1495 1735 et
1521 1715 1638 1736 venam

301 1764 502 1797 subclaveam
527 1771 749 1807 rumperetur,
775 1764 903 1806 sanguis
926 1762 1032 1794 adhuc
1053 1760 1186 1805 lympha
1211 1766 1243 1791 et
1264 1759 1358 1803 chylo
1378 1759 1581 1797 reficeretur,
1607 1763 1640 1789 et

302 1819 366 1851 vita
386 1818 544 1850 individui
566 1819 744 1850 conservari
763 1818 901 1857 valeret,
924 1818 989 1848 imo
1004 1817 1103 1859 ipsius
1118 1816 1234 1847 sanitas
1253 1814 1378 1846 restitui
1399 1819 1519 1857 posset,
1535 1812 1639 1844 ablata

303 1872 356 1906 vel
377 1873 576 1915 absorptione
599 1872 650 1905 vel
671 1873 854 1915 operatione
876 1871 1084 1914 empyematis
1100 1870 1233 1902 materie
1252 1867 1460 1901 extravasata.

308 1939 1641 1953 Μ

365 1988 408 2016 (ι)
425 1988 453 2010 L.
470 1987 502 2015 1.,
522 1994 575 2017 pag.
595 1988 647 2009 320.

364 2029 408 2056 (2)
424 2027 618 2057 Jurisprudeutia
634 2026 740 2055 medica,
757 2033 812 2057 pag.
830 2034 882 2056 272.

363 2069 407 2097 (3)
424 2067 459 2090 De
475 2067 564 2090 morbis
581 2075 694 2091 vasorum
710 2066 891 2090 absorbentium
911 2066 1017 2097 corporis
1032 2065 1148 2095 humani,
1168 2073 1222 2097 pag.
1241 2065 1278 2088 56.

359 2109 402 2138 (4)
420 2108 519 2138 Bichzn,
537 2108 658 2131 anatomie
676 2108 801 2138 deseript.‚
822 2111 880 2130 tom.
899 2107 943 2132 IV.
964 2115 1019 2138 pag.
1037 2108 1092 2136 467.
