1747 2620
702 260 816 304 (85)

86 337 329 381 propendentis,
350 337 445 368 etiam
466 336 529 368 fuit
548 335 711 378 pulmonis
729 346 800 377 pars
815 335 1043 378 extrospiciens
1065 335 1151 366 ferro
1168 335 1317 367 candenti
1336 346 1426 366 com—

86 390 197 431 busta,
220 403 292 434 quae
314 402 423 422 omnes
445 389 624 421 medicandi
643 392 780 420 rationes
800 390 947 421 sauciatis
965 390 1133 421 sanitatem
1156 389 1426 428 conciliaverunt,

86 446 136 477 uti
158 446 271 488 passim
291 444 468 479 videndum
489 449 537 475 est
557 444 591 474 in
611 454 707 486 opere
722 443 808 486 quod
830 444 934 487 Boyer
955 444 996 475 de
1011 444 1128 475 morbis
1144 444 1333 486 chirurgicis
1350 454 1427 473 con—

87 501 223 543 scripsit.
246 500 274 530 E
292 499 410 541 Tulpio
430 509 567 541 sequens
582 497 757 529 observatio
781 497 898 537 electa,
916 499 1072 542 eormagis
1088 499 1201 542 probat
1216 498 1272 529 has
1287 497 1430 528 laesiones

87 553 171 585 nihil
196 553 314 584 lethale
335 564 400 595 prae
425 563 458 583 se
488 552 592 591 ferre,
622 551 707 594 quod
732 552 836 583 victus
861 551 997 596 hujusce
1023 553 1156 584 sauciati
1180 551 1372 583 abnormitas
1398 555 1430 581 et

89 608 241 639 continua
262 606 397 638 ebrietas
414 606 496 637 nihil
512 606 731 649 impediverit,
748 607 921 648 quominus
939 606 994 637 ille
1013 607 1138 649 integer
1154 606 1254 638 fuerit
1269 610 1430 636 recreatus

88 668 121 693 et
141 672 199 704 per
219 667 265 691 sat
280 660 414 703 longum
432 666 559 703 tempus
575 659 681 691 adhuc
702 665 772 701 post
790 665 957 701 receptum
977 660 1096 692 vulnus
1111 661 1227 693 vixerit
1239 660 1296 702 (1).
1311 671 1338 690 .))
1351 659 1430 689 Viro

89 728 108 748 »
124 715 252 748 cuidam
284 715 404 748 vulnus
434 715 498 746 fuit
532 715 645 757 ingens
675 713 759 744 infra
799 714 956 744 sinistram
988 725 1161 745 mammam
1194 714 1342 752 illatum3
1375 713 1430 744 ille

89 783 108 803 ))
124 777 233 802 autem
253 769 406 801 ebrietate
421 768 582 812 sepultus,
603 767 763 798 laesionem
784 778 873 798 suam
892 780 949 810 pro
968 768 1069 799 nihilo
1087 768 1194 807 duxit,
1210 768 1429 811 neglexitque.

89 825 255 856 »Postero
285 834 401 863 mane,
431 822 593 866 pulmonis
619 833 691 865 pars
721 820 822 853 tribus
852 821 1022 865 pollicibus
1046 821 1140 864 longa
1173 828 1262 853 extra
1288 821 1432 854 vulneris

88 890 108 910 »
123 879 248 910 hiatum
265 876 501 921 propendebat3
521 883 666 919 tuncque
682 876 812 908 demum
832 876 1106 908 Amstelodamum
1122 877 1236 919 petivit
1254 877 1430 915 sauciatus,

88 945 108 964 ))
126 945 143 964 a
160 944 225 976 quo
245 932 347 963 tribus
365 931 477 962 diebus
494 930 644 970 distabat,
665 937 702 962 ut
720 930 786 961 illic
803 931 836 961 in
854 931 1033 962 nosocomio
1048 931 1208 963 inveniret
1225 930 1342 961 auxilia
1359 940 1432 972 quae

89 998 109 1018 2>
125 986 253 1019 vulneri
280 997 337 1017 suo
361 985 484 1016 mederi
506 985 662 1017 valerent.
696 985 805 1015 Portio
831 984 992 1027 pulmonis
1015 996 1087 1027 quae
1110 996 1127 1016 e
1149 984 1242 1027 plaga
1270 983 1432 1015 eminebat

90 1053 109 1072 ))
127 1041 334 1083 corruptione
352 1041 416 1084 jam
440 1040 553 1071 affecta
577 1045 661 1079 erat,
690 1039 786 1081 ligata
812 1039 876 1070 fuit
898 1045 995 1081 atque
1014 1038 1163 1078 abscissa,
1187 1037 1286 1082 hujus
1307 1037 1434 1080 pondus

89 1101 189 1126 »tres
210 1095 336 1125 circiter
358 1091 469 1125 uncias
488 1092 650 1136 aequabat,
672 1092 759 1135 quod
779 1103 890 1124 revera
911 1092 1089 1123 maximum
1111 1097 1174 1131 est,
1198 1092 1223 1122 si
1241 1091 1280 1122 ad
1303 1090 1433 1133 pulmo-

89 1161 109 1180 ))
126 1160 207 1181 num
227 1148 391 1179 levitatem
411 1148 590 1190 specificam
610 1147 828 1189 respiciamus.
854 1145 984 1177 Vulnus
1007 1151 1154 1176 sanatum
1177 1145 1241 1176 fuit
1261 1146 1343 1175 intra
1360 1155 1434 1187 spa-

90 1213 110 1234 »
127 1203 210 1234 tium
235 1201 480 1245 quatuordecim
501 1200 645 1238 dierum,
671 1205 704 1231 et
728 1200 857 1231 nullum
882 1199 1123 1230 incommodum
1151 1198 1268 1229 exinde
1291 1198 1435 1241 exsurgit

89 1270 110 1291 ))
125 1258 187 1289 nisi
209 1255 360 1288 tussicula
383 1266 455 1298 quae
473 1255 550 1285 hinc
568 1254 645 1285 inde
665 1252 919 1295 regrediebatur.
942 1253 1099 1291 Quamvis
1120 1252 1263 1295 quotidie
1281 1251 1436 1283 ebrietate

90 1324 110 1344 >³
126 1316 292 1353 correptus
317 1308 458 1353 jaceret,
485 1313 517 1338 et
543 1307 641 1339 vitam
671 1308 794 1339 viveret
819 1318 932 1349 vagam
956 1305 1197 1337 et‘abnormem
1212 1330 1220 1345 ,
1246 1312 1354 1337 tamen
1379 1317 1435 1337 sex

90 1378 110 1398 >³
128 1376 226 1397 annos
240 1363 362 1395 -adhuc
386 1361 607 1405 superaddidit
632 1360 694 1392 illis
715 1371 794 1403 quos
814 1359 943 1404 jamjam
965 1366 1039 1391 ante
1059 1359 1221 1391 laesionem
1243 1371 1332 1391 suam
1355 1371 1434 1391 con—

90 1423 315 1462 »sumpserah
344 1415 434 1447 Nihil
459 1421 530 1458 post
552 1415 640 1446 iilius
663 1421 799 1446 mortem
829 1415 894 1446 fuit
923 1421 1087 1458 repertum
1116 1415 1150 1446 in
1178 1415 1342 1454 Thorace,
1372 1415 1433 1446 nisi

91 1486 111 1505 ))
126 1471 273 1517 quaedam
295 1470 432 1502 cohaesio
460 1469 647 1513 pulmonem
676 1469 762 1500 inter
789 1475 822 1501 et
850 1469 997 1513 pleuram
1023 1470 1057 1501 in
1082 1469 1143 1501 hoc
1165 1469 1287 1501 scilicet
1307 1468 1377 1500 loco
1399 1469 1433 1500 in

92 1539 112 1559 ³)
128 1538 192 1570 quo
211 1525 344 1557 resectio
364 1524 510 1555 instituta
531 1522 674 1555 fuerat.’'

136 1581 308 1612 Possumus
322 1579 421 1620 igitur
436 1589 476 1609 ex
493 1577 766 1611 observationibus
777 1583 810 1610 et
825 1584 993 1610 auctorum
1010 1578 1200 1610 auctoritate
1215 1576 1263 1620 (2)
1277 1582 1433 1608 statuere:

92 1635 220 1666 hernias
244 1632 454 1676 pulmonum,
481 1633 542 1663 nisi
567 1632 626 1664 alia
652 1633 797 1676 quaedam
818 1632 905 1665 laesio
929 1633 1024 1673 adsit,
1051 1644 1240 1676 perversave
1263 1631 1432 1663 medicatio

93 1688 237 1728 accedat,
258 1693 314 1719 aut
330 1687 458 1732 propria
477 1687 637 1720 individui
654 1689 839 1721 constitutio
858 1688 1096 1733 cacochymica,
1118 1687 1200 1718 nihil
1215 1698 1284 1731 prae
1299 1698 1332 1718 se
1349 1686 1434 1718 ferre

90 1742 222 1775 lethale.

136 1796 170 1827 Si
189 1795 249 1828 sub
268 1795 404 1828 vulnere
426 1795 578 1827 Thoracis
599 1796 898 1840 integumentorum
920 1797 1033 1841 pleura
1057 1802 1199 1835 secatur,
1220 1795 1366 1838 protinus
1381 1796 1434 1826 aer

93 1847 278 1893 irrumpens
311 1849 482 1893 pulmones
513 1851 697 1893 comprimit
710 1875 718 1891 ‚
753 1851 889 1895 illosque
921 1853 955 1883 in
988 1851 1158 1883 functione
1189 1848 1247 1881 sua
1280 1849 1434 1892 impedit:

93 1904 211 1937 Mahon
230 1904 276 1947 (3)
291 1904 415 1948 profert
430 1903 566 1937 vulnera
582 1916 654 1948 quae
669 1906 805 1937 unicum
823 1904 1047 1937 tantummodo
1063 1903 1146 1935 latus
1162 1902 1354 1947 perforando
1369 1903 1434 1934 aeri

153 2019 198 2048 (1)
213 2018 329 2048 Tulphus,
349 2018 446 2042 observ.
465 2019 549 2048 med.‚
569 2019 615 2042 lib.
635 2020 672 2042 11.
694 2027 750 2050 cap.
773 2027 814 2050 ¹7-

153 2058 198 2086 (2)
214 2058 336 2087 Bohnius,
355 2059 448 2088 Boyer,
467 2058 487 2081 l.
508 2058 530 2081 l.
555 2063 617 2082 tom.
636 2058 698 2082 VII.

154 2098 196 2128 (3)
213 2098 283 2123 Med-
300 2098 367 2130 hig„
386 2103 451 2123 tom.
467 2100 505 2123 11.
526 2106 584 2131 pag.
605 2099 656 2129 98-
671 2106 725 2123 100..
