1747 2620
907 271 1019 316 (16)

596 398 619 441 ἓ
651 398 692 429 V.
739 410 781 429 nr:
818 409 937 429 Conna
974 409 1132 435 musore
1165 408 1335 430 ANerxis.

344 516 455 555 Quum
479 514 692 558 pericardium
713 525 767 545 cor
789 513 1006 556 undequaque
1026 514 1179 553 involvat,
1201 514 1300 557 ipsius
1323 514 1425 546 cordis
1448 515 1544 547 situm
1570 526 1630 547 no-

301 576 370 600 tum
398 575 493 611 atque
517 573 722 610 conspectum
744 566 833 598 nobis
855 566 1062 605 habebimus,
1088 567 1114 597 si
1138 566 1233 598 solius
1257 567 1426 610 pericardii
1452 567 1632 611 dispositio-

300 634 375 653 nem
396 622 630 665 cognoscimus,
660 620 874 663 pericardiuni
894 620 994 662 igitur
1016 631 1125 651 saccus
1145 626 1191 651 est
1212 620 1448 660 fibro-sermm,
1474 632 1511 652 ex
1533 621 1632 653 altera

300 682 390 719 parte
415 675 581 718 (inferiori
611 674 753 716 scilicet)
787 673 1027 716 diaphragmate
1051 673 1229 713 cohaerens,
1261 685 1299 705 ex
1328 675 1493 716 superiore
1522 680 1631 706 autern

300 729 419 773 majora
438 740 508 761 vasa
531 739 588 771 per
611 728 747 770 spatium
772 726 900 769 aliquod
927 726 1157 769 complectens,
1183 727 1280 757 situm
1304 738 1400 758 suum
1427 728 1459 758 in
1485 727 1631 758 mediana

300 782 451 814 Thoracis
471 783 600 824 regione
619 781 703 812 inter
719 780 807 812 binas
825 779 967 823 pleuraS,
983 791 1061 822 quas
1082 791 1098 810 a
1118 791 1150 810 se
1171 780 1308 812 invicem
1328 786 1451 823 separat
1467 785 1500 811 et
1515 780 1632 823 quibus

301 836 473 867 lateraliter
495 835 671 875 obtegitur,
691 833 827 864 obtinet:
850 833 951 864 forma
970 833 1069 876 ipsius
1087 833 1176 864 nulla
1194 833 1262 864 fere
1283 845 1357 864 cum
1376 844 1410 864 re
1425 839 1529 876 potest
1543 845 1632 865 com-

301 889 425 932 parari,
450 889 474 919 si
496 894 603 918 tamen
630 887 897 929 comparationem
928 885 1063 917 velimus
1087 887 1254 918 instituere
1275 887 1413 930 aliquam
1435 899 1509 918 cum
1532 899 1630 930 pyra-

300 941 403 981 mide,
433 940 526 984 cujus
546 939 626 971 basis
645 939 730 970 infra
749 949 831 980 apex
853 949 870 969 e
895 944 1003 968 contra
1024 950 1150 970 sursum
1176 940 1357 979 invenitur,
1388 940 1632 972 similitudinem

300 994 417 1034 habet,
443 992 650 1036 sequentibus
673 992 798 1035 organis
819 991 1054 1023 circumdatur:
1081 1004 1098 1023 a
1122 998 1212 1035 parte
1237 993 1401 1035 posteriori
1426 1001 1458 1023 et
1482 994 1632 1024 auteriori

300 1048 379 1081 huic
394 1047 515 1090 pleurae
535 1047 616 1090 parti
633 1045 818 1089 respondet,
835 1045 898 1088 qua
912 1044 993 1076 binae
1010 1045 1131 1088 pleurae
1147 1045 1273 1077 sibimet
1289 1046 1491 1088 applicantur
1506 1051 1542 1078 ut
1556 1045 1631 1077 dein

299 1100 487 1132 mediastina
518 1100 676 1139 forment,
708 1105 740 1130 et
763 1098 815 1130 vel
840 1099 884 1129 sic
909 1098 1040 1141 quidem
1066 1099 1203 1130 mediate
1231 1105 1425 1142 postrorsum
1449 1100 1484 1130 in
1509 1099 1631 1131 ratione

300 1155 432 1198 ponitur
456 1166 529 1186 cum
555 1153 704 1185 columna
725 1152 912 1192 vertebrali,
939 1152 1108 1195 oesophago
1131 1158 1164 1183 et
1185 1155 1286 1191 adrta3
1315 1152 1412 1183 latera
1434 1152 1533 1194 ipsius
1555 1152 1633 1195 pul-

303 1208 467 1247 monibus,
490 1208 545 1250 qui
560 1208 655 1237 etiam
675 1206 812 1248 aliquam
829 1206 920 1236 faciei
939 1205 1025 1237 illius
1040 1206 1204 1237 anterioris
1223 1211 1345 1248 partem
1363 1205 1543 1245 obducunt,
1564 1216 1633 1237 res-

302 1262 460 1305 pondent,
483 1261 638 1291 anteriora
656 1271 764 1291 versus
783 1271 857 1290 cum
878 1260 958 1291 facie
979 1261 1151 1302 posteriore
1172 1260 1269 1290 sterni
1288 1265 1384 1301 atque
1405 1259 1483 1290 fibro
1504 1259 1632 1290 cartila—

302 1316 413 1358 ginum
439 1315 636 1345 sinistrarum
664 1313 849 1344 relationem
878 1313 953 1353 alit,
985 1313 1063 1345 dum
1093 1313 1220 1344 inferne
1245 1318 1353 1343 centro
1381 1313 1630 1355 diaphragmatis

301 1369 457 1411 phrenico
482 1368 628 1399 cohaeret.
669 1367 887 1398 Pericardium
913 1366 994 1398 binis
1019 1366 1227 1407 membranis,
1255 1365 1386 1397 externa
1411 1366 1476 1397 una
1496 1365 1629 1405 fibrosa,

301 1422 427 1453 interna
455 1421 553 1452 altera
577 1421 678 1452 seros-:1
704 1421 927 1463 componitur,
958 1420 1044 1462 prior
1074 1419 1176 1450 oritur
1199 1431 1215 1450 a
1241 1424 1350 1449 centro
1376 1418 1551 1460 phrenico,
1578 1430 1633 1450 cor

304 1475 448 1517 undique
482 1474 735 1506 circumvolvens
762 1484 864 1516 usque
890 1473 929 1504 ad
962 1472 1060 1504 basim
1089 1483 1179 1504 suam
1208 1471 1431 1514 progreditur,
1463 1483 1527 1514 quo
1557 1483 1632 1504 eum

303 1529 502 1571 pervenerit,
518 1529 552 1559 in
571 1527 716 1571 pluribus
731 1527 853 1570 vaginis
869 1537 934 1557 sese
949 1531 1088 1568 separat,
1106 1537 1181 1568 ‚quae
1196 1536 1319 1565 omneS,
1336 1525 1455 1569 majora
1472 1536 1544 1558 vasa
1562 1537 1633 1557 am-

303 1581 496 1623 plectenteS,
523 1582 587 1623 ipsa
611 1592 668 1623 per
694 1586 740 1610 sat
766 1580 897 1622 longum
922 1580 1061 1621 spatium
1087 1579 1363 1617 concomitantur3
1406 1579 1560 1621 posterior
1583 1581 1633 1611 uti

305 1644 415 1665 omnes
436 1633 628 1664 membrana:
649 1644 760 1664 serosae
782 1644 908 1663 saccum
933 1632 1049 1663 format
1069 1631 1213 1674 undique
1233 1631 1394 1671 clausum,
1420 1631 1512 1675 cujus
1537 1632 1632 1663 facies

304 1687 403 1718 libera
439 1687 495 1718 sibi
530 1694 642 1718 mutuo
672 1687 816 1729 undique
852 1685 1039 1729 respondet,
1074 1691 1205 1716 externa
1234 1696 1309 1717 vero
1339 1685 1508 1727 respondet
1539 1685 1632 1715 faciei

304 1743 438 1772 internae
468 1740 593 1772 laminae
620 1740 739 1771 fibrosae
765 1740 906 1782 huicque
931 1739 1090 1778 adhaeret,
1118 1750 1214 1781 quam
1243 1743 1409 1780 postquam
1440 1737 1630 1776 obduxerit,

305 1807 399 1838 supra
422 1796 621 1837 semetipsam
643 1794 791 1837 replicata
813 1799 977 1824 externam
996 1792 1097 1823 cordis
1117 1798 1149 1823 et
1169 1802 1316 1824 vasorum
1341 1790 1496 1835 majorum
1517 1801 1631 1834 super-

306 1849 410 1880 ficiem
434 1849 538 1881 vestit!
857 1845 860 1846 ⁷

350 1903 398 1934 De
409 1902 584 1945 pericardio
594 1901 671 1933 dum
681 1902 843 1945 loquimur
856 1900 957 1932 cordis
967 1899 1147 1943 generalem
1160 1890 1256 1930 situm
1268 1897 1395 1942 jamjam
1407 1897 1630 1936 indicavimus,

306 1956 404 1999 ipsius
430 1956 561 1987 directio
583 1956 717 1998 paulum
743 1955 870 1998 obliqua
904 1960 951 1985 est
976 1960 1008 1985 et
1039 1954 1214 1991 anteriora,
1240 1952 1391 1983 inferiora
1422 1957 1454 1982 et
1475 1951 1631 1982 exteriora

307 2021 416 2044 versus
436 2010 553 2053 vergit,
578 2010 712 2041 formam
734 2008 916 2052 irregularis
936 2007 1108 2051 pyramidis
1126 2005 1270 2045 simulat,
1294 2011 1390 2048 atque
1411 2003 1499 2035 binas
1523 2004 1556 2034 in
1576 2003 1630 2034 illo

309 2063 507 2106 superficies,
529 2063 723 2094 anteriorem
741 2063 1029 2106 posterioremque,
1050 2061 1291 2103 distinguimus:
1315 2059 1453 2091 anterior
1471 2057 1631 2101 paulisper
