1747 2620
888 298 1002 342 (30)

282 377 431 409 adversus
452 374 537 407 illius
556 373 691 406 abusum
708 372 902 405 tribuantur.
926 373 983 404 Hae
1001 383 1077 405 vero
1099 374 1263 405 cautiones
1283 374 1316 405 in
1336 373 1464 405 decreto
1484 373 1524 405 23
1547 373 1614 405 Oc·-

282 431 379 463 tobris
402 431 482 461 1811
511 430 634 471 scriptae
655 433 748 467 sunt,
783 427 904 470 quippe
929 438 993 470 quo
1018 428 1185 467 statuitur,
1213 427 1458 459 extraditionem
1484 427 1615 459 concedi

280 496 369 529 posse
387 484 427 515 ob
447 483 566 515 crimen
588 483 621 513 in
643 481 746 512 alieno
768 482 925 512 territorio
946 480 1096 512 adversus
1117 487 1307 513 extraneum
1329 481 1383 512 vel
1403 487 1545 512 exteram
1566 481 1614 512 ci-

280 541 411 572 vitatem
434 537 654 574 commissum,
681 534 833 576 illamque
860 540 929 565 tuni
950 534 1080 566 demum
1108 546 1174 566 esse
1196 534 1461 578 permittendam,
1484 534 1613 578 quando

280 600 386 625 extera
404 592 512 623 civitas
526 601 614 621 suam
638 589 825 631 petitionem
841 587 880 619 de
899 594 1050 620 extraneo
1071 589 1263 620 remittendo
1280 588 1402 620 idoneis
1418 588 1613 621 adstruxerit

279 646 498 684 documentis,
535 650 631 686 atque
662 642 778 673 auditae
804 642 927 673 fuerint
963 643 1182 674 ministrorum
1210 654 1319 674 rerum
1348 642 1551 686 judicialium
1580 649 1613 675 et

278 708 459 734 exterarum
482 698 660 730 relationes.
686 698 843 727 Praeterea
862 708 917 728 rex
938 697 1021 728 solus
1040 697 1080 728 ad
1096 696 1341 728 extraditionem
1363 696 1612 739 permittendam

278 760 462 798 competens
482 758 543 791 est,
567 762 673 794 neque
694 749 927 793 magistratibus
941 750 1016 781 licet
1032 756 1222 782 extraneum
1241 751 1415 794 repetitum
1436 756 1510 782 ante
1529 751 1611 793 regis

277 809 468 840 decisionem
495 803 756 848 apprehendere,
786 803 838 834 vel
864 803 991 835 interim
1018 804 1333 846 (provisoirement)
1359 804 1520 844 detinere,
1550 805 1612 835 nisi

276 864 359 893 sorte
379 858 567 902 urgentibus
584 857 840 888 circumstantiis.
863 856 954 898 (Art.
978 857 1042 888 169
1063 858 1098 887 L.
1119 858 1174 899 F.)
1197 858 1245 888 De
1265 858 1443 900 peregrinis
1464 857 1503 889 ob
1524 858 1612 890 mili-

275 917 327 946 tiae
348 913 556 945 desertionem
580 910 799 949 extradeudis,
834 911 986 952 quoniam
1007 910 1096 941 nulla
1119 910 1171 941 lex
1193 910 1337 953 specialis
1360 911 1393 941 in
1414 910 1525 952 Belgio
1546 911 1612 943 dis-

276 968 402 1011 posuit,
428 965 546 996 eaedem
568 962 764 994 conditiones
789 962 992 994 observandae
1017 970 1113 1002 sunt,
1142 965 1202 994 nisi
1228 965 1266 994 iis
1289 975 1346 1006 per
1365 970 1457 1006 pacta
1482 964 1609 1007 publica

274 1022 375 1054 suerit
398 1020 595 1062 derogatum.
617 1016 667 1047 Cf.
683 1017 778 1048 Pacta
794 1016 878 1047 inter
894 1015 1042 1058 Belgium
1062 1021 1094 1046 et
1108 1015 1307 1046 Borrussiam
1329 1018 1367 1046 11
1388 1018 1479 1047 Junii
1506 1019 1610 1056 1818,

273 1077 358 1107 inter
374 1073 523 1115 Belgium
540 1078 572 1103 et
585 1071 810 1103 Hannoveram
826 1071 867 1102 23
885 1070 1022 1113 Augusti
1040 1070 1143 1108 1818,
1160 1069 1245 1100 inter
1259 1068 1409 1112 Belgium
1425 1075 1459 1100 et
1473 1069 1611 1101 Galliam

275 1132 296 1160 2
320 1127 465 1160 Octobris
490 1127 590 1166 1821,
612 1130 708 1168 atque
732 1125 816 1156 inter
841 1124 1007 1167 Belgium,
1032 1123 1180 1155 sueciam
1199 1128 1233 1154 et
1252 1122 1455 1165 Norwegiam
1484 1123 1506 1155 6
1530 1123 1610 1155 Julii

275 1184 359 1217 1827
383 1182 472 1213 inita.

317 1269 390 1301 XII.
427 1268 508 1299 Cum
530 1266 597 1310 ipsa
618 1263 764 1299 libertate
785 1266 943 1308 personali
966 1265 1081 1296 intimo
1104 1275 1192 1295 nexu
1213 1262 1384 1308 conjuncta
1401 1269 1448 1294 est
1469 1264 1609 1295 libertas

274 1323 448 1355 inclastrz'ae
469 1321 572 1353 latiori
590 1332 686 1353 sensu
705 1326 859 1363 acceptae,
881 1320 944 1362 qua
964 1319 1086 1351 scilicet
1105 1318 1329 1361 unusquisque
1352 1329 1422 1349 eam
1450 1318 1610 1350 commodi

270 1378 320 1409 sui
343 1375 550 1420 promovendi
571 1375 675 1415 viam,
699 1386 797 1418 quam
819 1373 969 1416 elegerit,
993 1379 1063 1404 tuto
1084 1373 1234 1415 persequi
1257 1378 1374 1415 potest,
1402 1383 1509 1415 neque
1531 1383 1608 1404 eum

271 1432 304 1462 in
327 1431 423 1461 finem
448 1428 514 1461 ulla
538 1428 668 1471 speciali
692 1427 785 1459 venia
809 1432 892 1469 eget.
935 1425 1095 1457 Industria
1125 1432 1234 1458 autem
1260 1426 1323 1456 late
1352 1431 1480 1467 accepta
1498 1449 1506 1464 ,
1537 1431 1608 1457 tum

270 1483 518 1527 agriculturam,
544 1488 615 1514 tum
636 1481 896 1520 fabricationem,
915 1486 985 1511 tum
1005 1486 1219 1511 mercaturam
1244 1479 1505 1522 comprehendit,
1530 1491 1608 1523 quas

270 1547 380 1569 omnes
402 1536 437 1566 in
464 1534 576 1577 Belgio
606 1534 720 1565 liberas
749 1544 834 1574 esse,
870 1533 970 1564 immo
997 1534 1125 1575 imperii
1149 1532 1271 1575 Belgici
1295 1534 1492 1576 protectione
1518 1533 1607 1575 frui,

271 1591 485 1628 decimarum,
506 1589 731 1631 corporationis
748 1586 983 1631 cujuscumque
1003 1588 1172 1630 opificum,
1194 1592 1291 1629 atque
1311 1588 1413 1618 omnis
1433 1587 1608 1631 monopolii

270 1644 397 1676 abolitio
420 1648 570 1674 testatur:
608 1648 763 1685 praeterea
790 1647 1005 1672 mercaturam
1032 1640 1180 1683 pluribus
1209 1642 1308 1683 pactis
1338 1652 1415 1672 eum
1445 1642 1478 1672 iu
1508 1642 1607 1673 finem

271 1710 346 1730 cum
368 1697 436 1728 aliis
461 1695 608 1739 gentibus
631 1695 718 1726 initis
741 1695 869 1738 egregie
891 1693 1037 1738 adjuvari
1059 1694 1224 1726 neminem
1246 1694 1343 1736 fugit.

314 1783 403 1815 XIII.
437 1782 606 1814 Industriae
627 1787 735 1813 autem
753 1780 900 1821 libertas,
926 1781 1066 1812 dominii
1086 1781 1182 1813 etiam
1208 1781 1395 1812 libertatem
1416 1791 1457 1811 ac
1476 1781 1606 1812 securi-

270 1845 370 1871 tatem
392 1837 504 1880 gignit.
531 1836 610 1867 Haec
630 1842 738 1868 autem
759 1835 967 1878 sequentibus
990 1836 1083 1879 Legis
1109 1834 1203 1867 fund.
1226 1833 1499 1877 dispositionibus,
1526 1833 1605 1866 suh-

270 1893 344 1924 ditis
362 1890 534 1930 universis,
559 1890 656 1921 etiam
679 1890 856 1929 extraneis,
881 1890 1047 1920 asseritur:
1073 1888 1114 1931 a)
1137 1889 1237 1919 Poena
1255 1887 1480 1931 publicationis
1501 1887 1604 1919 bono-

271 1958 344 1979 rum
366 1946 400 1977 in
420 1943 531 1987 Belgio
551 1944 726 1987 proscripta
746 1949 793 1975 est
814 1943 890 1986 (art.
917 1942 1011 1984 171).
1045 1942 1082 1984 b)
1106 1941 1252 1981 Quilibet
1271 1943 1305 1973 in
1323 1941 1434 1985 Belgio
1459 1942 1604 1985 quietam

270 2001 427 2032 bonorum
447 2009 578 2029 suorum
600 1998 827 2040 possessionem
847 2003 880 2028 et
900 2007 995 2028 usum
1016 1997 1198 2039 legitimum
1219 1996 1381 2029 vindicare
1401 1996 1460 2027 sibi
1479 2002 1602 2039 potest,

270 2064 377 2097 neque
391 2052 428 2083 iis
446 2051 564 2094 privari
577 2050 690 2090 debet,
709 2051 769 2082 nisi
787 2049 925 2093 publicae
940 2050 1085 2081 utilitatis
1104 2050 1216 2091 causa,
1233 2051 1266 2081 iu
1281 2051 1319 2081 iis
1338 2056 1464 2082 tantum
1478 2049 1602 2082 casibus

270 2114 303 2140 et
320 2118 357 2139 eo
378 2111 504 2138 tantum
519 2104 627 2145 modo,
646 2104 702 2148 qui
720 2103 760 2136 ab
776 2104 843 2148 ipsa
858 2104 929 2149 lege
949 2104 1197 2146 determinatur,
1218 2104 1321 2148 eaque
1341 2104 1401 2137 sub
1419 2103 1601 2136 conditione
