1747 2620
901 282 1015 325 (26)

343 357 412 389 VII.
447 357 545 390 Aliud
570 358 688 401 politiae
710 368 810 399 genus
831 362 878 388 est
902 357 1000 396 illud,
1027 358 1111 400 quod
1135 370 1279 391 summus
1304 361 1464 403 imperans
1485 361 1551 403 agit
1572 374 1631 393 au-

298 412 401 454 gendo
427 412 627 443 subditorum
649 411 880 454 perfectionem
906 411 1068 455 physicam
1097 418 1128 443 et
1154 413 1324 454 moralem,
1353 425 1531 458 eorumque
1557 416 1632 447 feli—

297 466 424 497 citatem
453 465 679 509 promovendo.
722 466 818 504 Quod
844 477 946 509 quum
973 478 1036 497 non
1065 466 1185 499 directe
1215 468 1254 499 ad
1284 468 1418 499 tutelam
1450 469 1629 511 pertineat,

297 526 428 551 eatenus
454 527 577 551 tantum
606 519 656 563 jus
683 519 812 563 aliquod
837 521 997 551 extraneis
1026 519 1095 563 ejus
1121 528 1268 564 respectu
1299 529 1481 565 competere
1506 529 1629 566 potest,

295 580 454 616 quatenus
475 574 602 616 speciali
628 573 765 616 quadam
790 575 937 617 pactione
967 574 1016 606 vel
1041 575 1112 618 lege
1135 576 1238 619 Belgii
1262 578 1398 620 positiva
1422 578 1459 608 iis
1482 589 1631 609 commu-

294 629 435 659 nicatum
459 634 515 659 est.
555 629 602 659 Ex
629 640 693 671 quo
719 630 813 660 etiam
835 629 915 660 ratio
944 629 1082 672 petenda
1106 636 1171 669 est,
1203 642 1261 662 cur
1287 637 1372 662 certa
1397 631 1483 663 illius
1512 632 1630 675 politiae

294 683 438 714 instituta
471 682 510 713 ad
535 682 653 713 incolas
679 689 864 723 extraneos,
897 683 1029 714 minime
1056 694 1130 716 vero
1158 684 1197 715 ad
1224 686 1409 727 peregrinos
1433 687 1627 728 pertineant.

293 736 360 776 Sic,
387 742 423 767 ut
446 748 548 768 unum
570 736 725 768 duntaxat
747 737 932 781 exemplum
956 737 1168 778 adducamus,
1195 738 1266 779 lege
1291 740 1334 770 28
1353 739 1434 771 Nov.
1460 741 1545 771 1818
1571 740 1629 771 de-a

293 790 484 821 terminatur
507 791 632 831 civitas,
656 792 690 822 in
713 791 776 835 qua
797 803 918 835 egenus
936 792 1038 824 incola
1063 792 1198 835 quilibet
1219 794 1251 823 in
1277 799 1401 836 partem
1422 793 1628 837 publicarum

292 844 498 888 largitionum
517 846 627 877 venire
648 847 760 889 possit,
782 846 933 890 illiusque
949 853 1007 879 art.
1026 847 1047 879 6
1062 847 1230 886 statuitur,
1253 853 1443 879 extraneum
1464 847 1504 879 ad
1520 847 1628 878 sedem

290 899 325 930 in
346 899 456 942 Belgio
477 899 635 942 figendam
657 912 674 931 a
697 912 773 943 rege
796 901 989 940 admissum,
1022 902 1078 943 qui
1100 901 1299 932 domicilium
1320 902 1353 932 in
1377 901 1490 932 eodem
1518 902 1628 933 muni-

291 954 374 995 cipio
397 953 603 997 (gemeente)
626 965 683 997 per
702 966 756 986 sex
776 966 874 986 annos
892 956 1105 993 conservavit,
1125 955 1235 997 ibique
1254 967 1350 986 onera
1371 961 1404 986 et
1423 955 1542 986 tributa
1563 967 1629 998 pu-

291 1006 372 1037 blica
393 1007 557 1049 persolvit,
582 1009 615 1038 in
635 1009 702 1051 ipso
718 1008 772 1039 illo
788 1009 821 1039 in
839 1007 1115 1052 participationem
1139 1007 1270 1038 subsidii
1291 1007 1360 1050 ejus
1381 1008 1503 1049 publici
1520 1009 1629 1039 venire

291 1072 396 1104 posse,
430 1073 532 1104 quum
554 1063 738 1105 peregrinos
761 1063 868 1093 stricte
889 1063 933 1092 sic
954 1062 1069 1100 dictos,
1092 1061 1187 1091 etiam
1207 1061 1232 1091 si
1252 1060 1291 1092 ad
1316 1066 1489 1104 egestatem
1508 1060 1630 1092 redacti

291 1114 370 1154 sint,
394 1114 483 1146 nulla
505 1116 538 1146 in
559 1115 670 1158 Belgio
692 1115 877 1158 adjumenta
898 1114 1027 1157 publica
1050 1114 1207 1157 exigenda
1226 1115 1363 1155 hahere,
1386 1116 1464 1158 quin
1486 1121 1518 1147 et
1538 1127 1591 1147 eos
1611 1126 1629 1147 e

292 1178 392 1211 regno
412 1169 531 1211 expelli
551 1180 656 1212 posse,
684 1168 768 1200 inter
793 1180 902 1200 omnes
922 1175 1054 1201 constet.
1080 1168 1258 1210 (Martem,
1270 1170 1385 1211 pre‘cis
1394 1192 1405 1207 ,
1429 1169 1451 1200 l.
1469 1169 1491 1200 l.
1517 1169 1533 1211 ᾗ
1552 1170 1629 1212 61.)

333 1254 420 1286 VIII.
452 1255 614 1294 Quoniam
637 1256 808 1299 hucusque
831 1262 980 1288 naturam
1003 1256 1116 1288 tutelae
1140 1255 1179 1287 ab
1200 1257 1341 1299 Imperio
1361 1256 1491 1300 Belgico
1517 1262 1627 1288 extra-

289 1309 359 1340 neis
379 1308 494 1341 debitae
515 1310 737 1352 exposuimus,
761 1310 945 1353 proximum
970 1315 1033 1349 est,
1063 1315 1101 1340 ut
1121 1309 1208 1340 illius
1229 1309 1338 1341 tutelae
1360 1309 1495 1352 objecta
1514 1320 1629 1341 recen-

289 1373 424 1394 seamus.
446 1362 517 1394 Non
537 1363 596 1394 alia
616 1369 725 1394 autem
744 1364 870 1403 tutelae,
890 1375 987 1406 quam
1007 1364 1156 1394 invocare
1175 1363 1320 1395 extranei
1335 1369 1484 1406 possunt,
1505 1363 1629 1407 objecta

288 1422 379 1456 sunt,
402 1428 498 1461 quam
518 1417 620 1457 illius,
643 1429 715 1460 quae
733 1417 856 1449 civibus
875 1418 969 1448 etiam
992 1417 1147 1448 debetur:
1170 1428 1244 1449 eum
1267 1418 1353 1448 enim
1372 1418 1406 1447 in
1429 1418 1525 1448 finem
1547 1417 1629 1447 ratio

289 1470 463 1514 imperium
489 1472 583 1503 civile
608 1472 758 1503 constitui
786 1471 946 1514 postulat,
977 1477 1015 1502 ut
1036 1471 1163 1503 subdito
1185 1471 1304 1514 cuique
1327 1470 1397 1515 jura
1423 1482 1479 1502 sua
1503 1471 1626 1514 privata

289 1529 371 1554 sarta
397 1529 478 1555 tecta
503 1525 664 1556 exsistant.
696 1525 771 1557 Haec
794 1531 901 1557 autem
926 1526 1049 1568 privata
1076 1525 1276 1556 subditorum
1302 1525 1389 1569 jura,
1419 1536 1490 1568 quae
1516 1525 1629 1556 civitas

290 1589 460 1620 agnoscere
482 1584 514 1610 et
539 1580 622 1610 tueri
644 1579 754 1619 debet,
778 1591 817 1611 ex
840 1580 1009 1611 hominum
1030 1579 1186 1624 dignitate
1206 1585 1239 1610 et
1258 1590 1383 1610 summo
1406 1590 1518 1610 eorum
1540 1580 1625 1619 fine,

290 1637 323 1661 et
348 1642 388 1662 ex
412 1632 450 1662 iis
475 1644 545 1674 quae
571 1634 604 1663 in
630 1633 719 1665 hunc
743 1634 838 1665 finem
864 1645 959 1677 agere
984 1645 1037 1665 eos
1061 1639 1202 1676 oportet,
1230 1639 1428 1676 sequuntur,
1455 1634 1627 1676 omniaque

289 1684 456 1728 profluunt
476 1698 493 1716 a
508 1686 654 1718 libertate
675 1698 786 1718 eorum
803 1687 978 1730 personali,
1002 1699 1074 1730 quae
1090 1688 1221 1731 quidem
1241 1688 1301 1718 hoc
1317 1692 1465 1729 respectu
1486 1687 1625 1717 libertas

290 1740 402 1770 civilis
421 1746 506 1771 recte
525 1741 607 1772 dicta
623 1748 685 1781 est,
705 1753 742 1773 eo
759 1742 845 1785 quod
859 1743 985 1774 nonnisi
1002 1743 1035 1773 in
1051 1743 1180 1774 civitate
1195 1747 1263 1773 tuta
1281 1747 1314 1772 et
1329 1740 1479 1773 adversus
1496 1751 1626 1771 omnem

289 1793 450 1826 laesionem
476 1796 598 1826 munita
623 1807 689 1827 esse
715 1797 821 1838 possit.
858 1796 1065 1839 Quamquam
1091 1807 1166 1828 vero
1187 1794 1386 1827 subditorum
1410 1794 1531 1836 privata
1553 1793 1623 1836 jura

289 1850 438 1881 universe
460 1849 498 1879 ad
519 1849 605 1881 illam
624 1850 779 1882 libertatis
799 1850 952 1882 naturalis
973 1850 1131 1881 residuam
1153 1850 1349 1892 portionem,
1371 1858 1466 1890 quam
1486 1847 1520 1878 in
1538 1853 1624 1879 statu

290 1903 376 1935 civili
394 1904 616 1942 retinuerunt,
637 1905 778 1936 revocari
799 1906 934 1947 possint,
957 1911 1063 1936 tamen
1080 1905 1258 1935 accuratior
1273 1913 1382 1934 eorum
1399 1902 1624 1933 determinatio

289 1969 326 1989 eo
348 1958 447 2001 magis
469 1959 642 1989 necessaria
663 1958 754 1989 nobis
775 1959 839 1990 visa
861 1965 922 1999 est,
944 1958 1030 2002 quod
1053 1958 1148 1989 etiam
1169 1957 1220 1988 lex
1242 1962 1345 1988 nostra
1371 1955 1625 1988 fundamentalis

287 2011 426 2055 plurima
446 2023 556 2043 eorum
578 2023 723 2055 expresse
743 2018 774 2043 et
796 2012 957 2056 sigillatim
979 2012 1155 2051 recensuit,
1180 2017 1216 2043 ut
1233 2011 1276 2041 ita
1299 2021 1428 2041 omnem
1447 2008 1624 2040 dubitatio-—

287 2077 379 2106 nem,
407 2077 546 2097 errorem
572 2073 604 2097 et
629 2067 892 2098 contestationem
916 2066 956 2098 de
981 2067 1019 2097 iis
1041 2065 1177 2097 tolleret.
1213 2064 1372 2103 Quocirca
1394 2064 1501 2094 minus
1526 2062 1626 2106 plene

287 2119 337 2163 jus
362 2126 506 2152 nostrum
533 2127 769 2163 exponeretur,
802 2127 833 2153 et
858 2121 994 2154 civitatis
1016 2126 1131 2152 nostrae
1152 2120 1371 2152 institutiones
1393 2117 1499 2150 debita
1525 2117 1623 2150 laude
