1747 2620
682 242 818 285 (131)

80 318 290 352 vertebralem
323 318 502 356 inflictum,
533 316 615 348 tacta
646 315 888 356 tantummodo,
923 328 987 348 non
1013 328 1089 349 vero
1118 317 1202 349 secta
1233 319 1318 350 aorta
1349 319 1417 362 (1),

79 374 214 406 ductum
245 373 458 404 Thoracicum
486 371 678 415 perfoderet.
703 364 738 401 'Si
767 370 885 401 canalis
913 370 999 402 illius
1025 370 1144 403 vulnus
1172 372 1418 414 complicaretur

78 427 214 460 vulnere
234 427 344 469 organi
365 425 531 471 cujusdam
557 424 734 465 nobilioris,
757 424 890 464 exinde,
924 431 961 456 ut
988 436 1044 468 per
1068 436 1101 456 se
1122 430 1226 468 patet,
1250 436 1287 456 eo
1317 427 1417 470 majus

77 482 259 526 periculum
282 481 420 520 adesset,
442 492 506 523 quo
526 480 624 522 magis
645 491 802 522 organum
821 478 903 511 illud
924 478 963 510 ad
983 479 1079 511 vitam
1096 479 1335 510 sustentandam
1359 492 1418 511 ne-

77 537 248 568 cessarium
280 542 376 575 esset3
408 534 462 566 sed
496 536 528 565 in
561 535 658 565 hocce
690 534 793 576 capite
816 533 1028 576 supponimus
1052 533 1156 565 solum
1182 533 1293 565 laesum
1320 534 1417 565 fuisse

76 590 290 622 Thoracicum
312 589 446 621 ductum
469 595 501 620 et
523 589 645 620 nullam
669 589 805 619 existere
829 587 1116 630 complicationem.

120 644 195 683 Qua
223 644 441 686 suppositione
469 642 622 682 stabilita,
655 642 809 673 debemus
839 653 928 672 nuuc
953 642 1055 674 varias
1085 641 1334 674 modificationes
1358 643 1418 674 sub

75 698 193 742 quibus
213 704 317 741 potest
342 698 396 729 ille
418 698 554 729 sauciari
575 707 747 739 exponere.
774 696 811 726 In
834 694 1011 726 anatomica
1032 695 1168 739 hujusce
1192 696 1418 728 dissertationis

78 759 165 796 parte
201 753 342 784 diximus
375 752 587 783 Thoracicum
617 750 774 790 ductum,
805 761 895 780 nunc
930 749 1064 780 unicum
1095 749 1239 780 canalem
1271 750 1416 791 efficere,

73 817 163 837 nunc
190 806 381 848 propagines
409 816 448 836 ex
476 811 615 846 utroque
645 803 744 834 latere
773 803 965 842 demittere,
993 814 1065 845 quae
1095 802 1214 834 insulas
1245 804 1289 834 sic
1320 804 1418 836 dictas

73 859 158 890 i-nter
191 870 257 890 sese
286 859 499 901 intercipiunt
527 864 560 889 et
589 859 708 888 iterum
739 857 778 888 ad
809 868 964 900 magnum
1000 861 1154 888 truncum
1190 863 1417 899 revertuntur,

74 913 160 956 quod
182 913 344 956 praecipue
367 913 401 943 fit
422 912 461 943 ad
480 911 683 943 altitudinem
705 912 826 954 quintae
848 916 1010 953 quartaeve
1030 909 1184 942 vertebrae
1205 910 1335 941 dorsalis
1352 912 1416 954 (2):

71 967 97 998 si
118 978 207 998 nunc
230 966 290 997 sub
313 966 448 999 vulnere
469 965 606 1008 quodam
632 965 753 996 inflicto
775 977 879 997 unum
905 963 1034 997 aliudve
1063 976 1207 997 vasorum
1236 965 1416 998 lateralium

71 1020 124 1053 vel
154 1019 386 1060 transfoditur,
422 1019 474 1051 vel
505 1020 635 1050 omnino
668 1018 884 1058 abscinditur,
921 1029 987 1049 non
1022 1018 1172 1061 equidem
1204 1019 1322 1051 vulnus
1354 1020 1416 1052 tale

70 1074 282 1105 necessariam
317 1079 454 1105 mortem
493 1072 672 1115 producere
708 1072 892 1112 credimus,
932 1073 1053 1104 etenim
1089 1072 1203 1115 chylus
1243 1073 1283 1105 ad
1322 1086 1417 1106 venas

70 1127 256 1159 subclaveas
281 1138 338 1169 per
363 1137 435 1158 vasa
461 1125 557 1157 illaesa
585 1125 750 1156 transferri
780 1125 887 1157 adhuc
913 1131 1034 1168 potest,
1061 1126 1171 1168 sicque
1198 1128 1327 1169 sanguis
1352 1139 1416 1160 non

70 1181 202 1213 omnino
237 1180 370 1211 materie
412 1179 469 1210 sua
505 1178 640 1210 nutritis
675 1178 864 1219 orbaretur,
901 1180 1062 1211 sauciatus
1100 1180 1172 1211 tabe
1207 1192 1272 1212 non
1309 1184 1417 1213 extin-

71 1240 242 1279 gueretur,
269 1234 434 1275 vitamque
457 1244 547 1263 suam
572 1243 760 1264 conservare
783 1239 903 1274 posset,
929 1234 1052 1264 interea
1074 1234 1204 1276 quidem
1230 1235 1361 1278 lympha
1384 1244 1417 1269 et

69 1288 183 1332 chylus
214 1299 271 1330 per
297 1293 482 1329 aperturam
509 1285 610 1329 plagae
637 1286 670 1316 in
697 1287 834 1328 pectoris
860 1298 976 1319 cavum
1001 1286 1145 1326 caderet,
1178 1294 1210 1319 et
1238 1289 1415 1323 molestiam

69 1342 143 1385 plus
164 1342 311 1373 minusve
342 1351 472 1383 gravem
499 1339 708 1382 produceret3
738 1339 820 1370 illud
845 1346 954 1371 autem
979 1351 1037 1383 per
1062 1352 1095 1372 se
1123 1340 1242 1373 lethale
1267 1354 1332 1374 non
1356 1350 1412 1375 est.

70 1396 280 1439 Compertum
301 1395 388 1425 enim
410 1393 565 1424 habemus
585 1393 632 1436 (3)
654 1404 724 1425 vasa
745 1393 943 1426 absorbentia
964 1395 1127 1427 resorbere
1147 1397 1249 1429 varias
1266 1399 1415 1430 substan—

68 1451 144 1490 tias,
176 1459 234 1492 per
259 1448 395 1481 vulnera
422 1448 537 1479 ductus
565 1447 732 1478 Thoracici
754 1459 943 1481 vasorumve
971 1448 1148 1481 lacteorum
1175 1451 1412 1494 suppeditatas,

68 1504 191 1535 interea
214 1502 334 1534 vulnus
359 1502 475 1533 sensim
500 1501 722 1545 paulatimque
750 1501 975 1534 obliteraretur
997 1509 1030 1534 et
1051 1510 1287 1537 extravasatum
1313 1500 1415 1550 h‘lUi‘

69 1558 166 1597 dum,
186 1558 248 1588 nisi
267 1557 382 1599 magna
403 1557 583 1599 quantitate
604 1556 752 1596 fluxerit,
773 1556 1012 1589 absorberetur:
1034 1558 1082 1588 sin
1099 1565 1206 1590 autem
1226 1560 1325 1591 nimia
1344 1560 1413 1593 haec

69 1613 160 1655 copia
180 1611 281 1642 fuerit
300 1616 337 1642 ut
355 1609 510 1642 resorberi
531 1617 652 1653 posset,
674 1617 707 1642 et
727 1613 752 1642 si
767 1611 831 1656 jam
847 1613 881 1643 in
897 1612 1168 1655 putrefactionem
1189 1613 1307 1655 abiret,
1326 1615 1413 1658 quod

69 1677 87 1699 e
103 1664 369 1710 symptomatibus
387 1671 572 1708 appareret,
594 1671 672 1696 tunc
687 1665 794 1697 adhuc
812 1666 918 1697 media
935 1665 1025 1698 nobis
1044 1673 1218 1710 supersunt
1239 1675 1276 1699 ut
1295 1670 1412 1702 exinde

67 1720 279 1752 oriundorum
301 1719 459 1751 malorum
482 1730 684 1763 progressum
706 1720 928 1760 cohibeamus,
945 1720 1057 1752 eodem
1079 1721 1202 1753 scilicet
1222 1723 1314 1754 modo
1334 1724 1412 1756 huic

67 1774 167 1807 fluido
197 1776 321 1807 exitum
353 1774 528 1806 concedere
554 1785 736 1817 possumus»,
764 1786 828 1818 quo
855 1776 978 1808 utimur
1001 1775 1041 1808 ad
1066 1777 1255 1819 sanguinem
1282 1784 1411 1820 pectore

127 1897 174 1927 (ι)
189 1897 293 1926 Ροάόῐέ,
310 1902 369 1920 tom.
388 1899 435 1921 111.
454 1904 509 1928 pag.
527 1898 582 1927 337.

127 1939 173 1968 (2)
189 1938 292 1965 Bichat‚
310 1939 433 1962 anatomia
450 1938 609 1969 descriptive,
627 1938 676 1963 vol.
695 1939 742 1963 lV.
759 1946 814 1970 pag.
832 1938 886 1968 467.

128 1978 173 2008 (3)
189 1978 309 2008 Assaliui,
329 1986 384 2009 pag.
402 1979 440 2002 44.
461 1979 585 2010 sequentia
603 1980 746 2011 profitetur:
769 1981 791 2003 11
806 1984 841 2003 est
856 1979 948 2010 prouve
965 1986 1009 2010 que
1028 1978 1062 2001 les
1080 1978 1206 2002 vaisseaux
1226 1979 1410 2010 lymphatiques

68 2019 197 2043 absorbent
211 2019 331 2050 plusieurs
348 2020 486 2044 substauces
504 2021 636 2051 e‘panche'es
652 2022 712 2046 dans
727 2021 863 2045 l'interieur
883 2020 916 2043 du
933 2026 1001 2050 corps
1018 2020 1031 2042 a
1047 2019 1070 2042 la
1085 2019 1147 2042 suite
1168 2019 1239 2043 d’une
1257 2020 1359 2043 blessure
1376 2020 1408 2043 dn

67 2060 139 2084 canal
154 2060 313 2091 thoraehique
330 2064 354 2084 et
370 2060 410 2084 des
427 2060 555 2085 vaisseaux
569 2062 755 2096 lymphatiques
772 2067 796 2086 et
811 2062 892 2086 lacte's.
