1747 2620
668 285 781 328 (79)

59 365 325 409 experimentatio
345 363 428 394 nihil
448 361 578 394 omnino
593 359 742 403 ponderis
761 359 909 399 haberet,
930 360 955 390 si
971 359 1034 391 sola
1056 371 1114 403 pro
1129 359 1305 391 lethalitate
1326 359 1397 391 dia—

58 419 255 463 phragmatis
279 417 451 449 vulnerum
478 419 712 458 propugnaret,
738 413 793 445 sed
815 420 847 444 et
869 413 937 445 haec
958 414 1089 457 quidem
1114 414 1279 445 sententiis
1301 414 1398 444 etiam

58 474 253 516 optimorum
267 472 409 504 virorum
424 470 556 501 suffulta
568 475 630 510 est3
645 469 688 500 ait
699 469 786 500 enirn
799 469 845 511 (1)
861 469 945 500 inter
960 468 1036 500 alios
1049 469 1166 512 Percy:
1181 468 1240 499 nisi
1253 473 1400 511 prompte

57 533 206 571 pereant,
227 527 283 569 qui
304 525 439 557 vulnere
462 524 711 567 diaphragmatis
728 523 890 562 laborant,
913 522 999 565 quod
1021 523 1122 554 rarius
1142 523 1265 560 evenit,
1288 520 1401 552 subse-

58 587 206 624 quuntur
222 580 345 611 dolores
360 585 457 621 atque
473 579 671 610 infirmitates
685 578 780 610 morti
795 577 925 621 quidem
944 576 1186 620 postponendae,
1201 582 1233 608 et
1248 575 1399 618 equidem

58 646 121 665 non
138 633 337 665 solummodo
356 633 388 663 in
411 633 626 664 suffocationis
649 638 738 663 metu
759 643 885 674 semper
906 631 1114 675 injiciuntur,
1139 637 1269 674 propter
1290 641 1400 661 coare,-

57 689 212 719 tationem
243 693 275 719 et
305 688 571 730 compressionem
600 686 812 729 pulmonum,
839 686 894 717 sed
924 692 1054 728 propter
1082 686 1224 716 laesiones
1253 694 1401 715 nervosas

58 741 251 785 singultibus
265 766 273 781 ‚
312 741 506 773 convulsivis
539 740 698 780 motibus,
733 739 1028 772 vomituritionibus
1062 739 1261 780 infandoque
1294 737 1402 769 dolore

59 795 203 835 obnoxii,
227 795 356 826 tandem
379 795 556 826 miserrime
582 795 667 825 diem
689 805 784 826 suum
812 805 1000 837 supremum
1023 793 1156 825 obeunt.
1187 793 1276 823 Hanc
1298 798 1402 823 mate-

58 850 139 882 riam
169 850 298 893 egregie
327 850 475 881 tractavit
498 849 601 892 Percy
622 848 691 892 (2),
723 849 839 880 multas
866 848 967 879 refert
990 847 1225 879 observationes
1249 851 1287 877 ut
1311 856 1401 876 suam

58 903 172 946 probet
193 904 394 947 opinionem,
414 914 432 934 e
451 902 568 946 quibus
585 903 715 934 unicam
736 903 819 934 hanc
841 902 950 946 seligo.
977 902 1131 944 »Auriga
1151 900 1281 944 quidam
1298 911 1401 943 quum

58 968 78 988 ))
95 958 252 989 mercium
274 958 430 988 sarcinam
451 957 485 987 in
506 956 632 999 fastigio
656 957 770 987 currus
790 962 966 999 quaereret,
988 956 1022 987 in
1045 962 1146 987 rotam
1169 955 1295 994 incidit,
1318 960 1350 985 et
1366 964 1403 984 eo

61 1023 80 1042 ))
96 1012 164 1054 ipso
177 1017 339 1042 momento
359 1009 423 1043 vita
440 1010 611 1042 destitutus
626 1017 683 1042 est.
698 1011 752 1042 ΕΚ
763 1011 857 1042 faciei
875 1011 1090 1054 inspectione,
1106 1021 1178 1053 quae
1194 1010 1293 1041 risum
1309 1019 1403 1040 men—

61 1075 80 1095 ))
96 1064 252 1103 tiebatur,
282 1070 315 1095 et
341 1075 381 1095 ex
407 1064 477 1096 cavi
507 1063 715 1095 abdominalis
743 1064 945 1106 depressione
975 1065 1179 1108 praesumpsit
1204 1064 1306 1106 Perey
1333 1062 1403 1093 dia-

61 1129 81 1149 )>
96 1118 251 1161 phragma
274 1124 409 1161 ruptum
432 1118 545 1158 fuisse,
567 1124 600 1149 et
616 1119 735 1151 viscera
760 1118 970 1150 abdominalia
997 1120 1030 1149 in
1053 1130 1167 1150 cavum
1190 1118 1405 1148 Thoracicum

61 1183 80 1203 ))
96 1172 264 1215 irrupisse3
285 1178 317 1203 et
332 1172 475 1215 autopsia
495 1183 606 1203 revera
626 1172 787 1204 cadaveris
803 1184 950 1216 magnam
968 1172 1219 1215 diaphragmatis
1232 1177 1403 1214 rupturam

61 1237 80 1256 »
96 1225 203 1257 adesse
217 1223 428 1265 monstravit,
451 1237 525 1269 quae
540 1238 557 1257 a
572 1232 679 1257 sterno
697 1237 800 1269 usque
818 1226 857 1257 ad
873 1232 1020 1257 centrum
1042 1225 1232 1256 tendineum
1247 1223 1405 1255 extende-

61 1291 80 1311 »
96 1279 208 1320 batur,
229 1279 436 1324 sigmoi'deam
458 1280 594 1311 formam
610 1291 676 1322 prae
694 1290 726 1310 se
744 1279 881 1319 ferebat⁷
900 1285 948 1319 et,
969 1278 1056 1322 quod
1074 1279 1266 1321 pessimum,
1283 1278 1404 1310 viscera

62 1345 81 1365 ))
96 1335 131 1365 in
151 1334 321 1365 abdomine
343 1345 415 1377 quae
441 1333 618 1373 fluctuant,
644 1334 713 1365 fere
733 1334 839 1365 onmia
861 1334 1013 1365 Thoracis
1034 1344 1150 1366 cavum
1173 1331 1405 1376 occupabant.'⁷

60 1388 210 1420 Meminit
227 1394 259 1419 et
276 1389 371 1419 etiam
387 1387 473 1419 idem
495 1393 606 1419 auctor
626 1387 751 1427 militis,
771 1389 827 1430 qui
844 1388 977 1420 clavulae
992 1388 1138 1431 (crosse)
1156 1388 1258 1418 ictum
1273 1387 1308 1417 in
1323 1392 1405 1417 ster—

60 1454 140 1474 num
158 1448 323 1485 receperat
339 1448 372 1473 et
386 1442 442 1485 qui
464 1447 533 1484 post
550 1441 672 1484 aliquot
687 1448 848 1473 momenta
864 1453 1047 1485 supremam
1068 1443 1207 1473 animam
1228 1440 1405 1480 efflaverat,

63 1496 205 1538 quique,
232 1496 281 1527 uti
300 1506 339 1526 ex
363 1495 505 1538 autopsiii
532 1495 693 1527 cadaveris
718 1496 884 1539 apparuit,
909 1495 1159 1539 diaphragmatis
1182 1501 1352 1538 rupturam
1373 1500 1406 1525 et

63 1549 183 1581 viscera
204 1548 381 1580 abdominis
402 1549 522 1592 pectori
546 1549 668 1581 inclusa
693 1549 824 1581 habuit:
851 1549 953 1581 multa
976 1549 1162 1594 hujusmodi
1184 1555 1312 1580 enarrat
1333 1559 1406 1591 quae

63 1601 246 1644 periculum
264 1602 344 1645 septi
366 1602 539 1634 vulnerum
563 1602 784 1635 demonstrant
803 1609 836 1635 et
853 1615 926 1647 quae
945 1604 999 1635 hic
1017 1604 1182 1637 brevitatis
1201 1602 1296 1636 causa
1314 1602 1406 1634 dese-

63 1666 134 1686 rere
156 1666 262 1698 cogor.

108 1709 208 1752 Atqui
231 1716 268 1741 ut
288 1721 371 1741 mors
395 1721 413 1741 e
433 1710 568 1742 vulnere
593 1711 844 1755 diaphragmatis
863 1712 1001 1751 oriatur,
1023 1723 1088 1743 non
1109 1710 1259 1755 equidem
1283 1716 1408 1753 oportet

65 1769 101 1795 ut
120 1763 222 1806 plagae
251 1763 358 1795 hiatus
385 1776 522 1807 magnus
546 1771 643 1808 atque
669 1771 823 1797 extensus
845 1767 905 1806 sit·‚
939 1765 1111 1809 aliquando
1137 1765 1223 1796 enim
1256 1763 1406 1807 glandula

68 1817 250 1861 sclopetaria
269 1829 286 1849 e
303 1819 443 1850 minimis
464 1820 537 1850 satis
557 1831 709 1863 magnum
729 1819 963 1863 diaphragniati
980 1820 1137 1851 orificium
1156 1818 1353 1857 conciliavit,
1371 1823 1408 1849 ut

67 1872 234 1915 conspicua
257 1872 429 1909 ventriculi
450 1885 522 1916 pars
543 1880 580 1905 et>
595 1875 820 1907 intestinorum
841 1876 944 1919 portio
963 1875 1069 1918 ipsum
1089 1873 1223 1904 transire
1247 1873 1403 1915 potuerit,

66 1924 164 1968 hujus
186 1926 233 1957 rei
258 1926 291 1957 in
313 1925 408 1957 fidem
431 1938 567 1970 sequens
588 1929 723 1960 citamus
743 1929 930 1972 exemplum
952 1928 1018 1970 (3):
1046 1939 1064 1959 ))
1080 1926 1257 1958 Praefectus
1275 1926 1405 1969 quidam

127 2039 159 2067 (ι)
176 2038 267 2069 Percy,
287 2039 347 2062 dict.
367 2039 407 2063 des
423 2040 527 2064 sciences
542 2041 626 2068 me'd.,
644 2047 693 2065 art.
713 2048 813 2073 rupture
829 2043 861 2066 du
878 2042 1050 2073 diaphragme.

129 2080 161 2108 (2)
178 2079 246 2102 Dict.
266 2079 307 2102 des
320 2080 423 2104 sciences
439 2081 521 2111 med„
540 2087 590 2105 art.
610 2083 779 2115 diaphragme.

127 2119 160 2152 (3)
176 2121 267 2150 Percy‚
286 2121 346 2144 dict.
367 2120 408 2143 des
423 2122 525 2146 sciences
538 2122 622 2152 me'd„
641 2129 690 2147 art.
707 2129 808 2155 rupture
822 2123 855 2147 dn
868 2122 1039 2154 diaphragme.
