1747 2620
723 246 836 288 (47)

103 335 267 363 concesso,
290 323 422 367 quaestio
442 321 592 355 solvenda
607 327 669 361 est,
692 332 731 352 ex
746 320 802 352 lib.
821 321 857 361 3,
880 322 928 352 tit.
948 323 983 361 2,
1005 328 1081 353 sect.
1101 323 1117 356 7
1140 322 1174 353 C.
1193 322 1261 354 Civ.
1279 334 1445 365 enascens,

102 379 136 410 in
160 378 223 422 qu&
242 378 282 409 de
303 378 509 409 exsecutione
532 376 771 408 testamentaria
790 376 913 419 agitur,
938 387 998 413 nec
1019 376 1197 419 quidquam
1218 387 1367 420 expresso
1382 384 1447 409 sta-

103 438 211 464 tutum
234 438 296 471 est,
321 438 432 463 utrum
453 432 643 474 peregrinus
664 441 765 473 capax
784 430 841 470 sit,
865 431 921 473 qui
940 431 1123 462 testamenti
1144 431 1341 474 exsequendi
1366 431 1449 475 legi—

105 487 215 518 timam
238 497 348 517 curam
371 491 471 528 gerat.
496 484 593 524 Quod
613 484 744 527 quidem
761 495 836 528 ego,
858 485 1025 527 principiis
1046 486 1125 516 meis
1145 485 1329 525 adhaerens,
1353 486 1448 517 credo

103 540 345 579 affirmandum,
374 550 448 570 nam
471 550 511 570 ex
533 550 570 570 eo
590 538 655 569 solo
677 537 764 581 quod
784 538 837 569 lex
857 544 962 569 nostra
983 539 1192 582 peregrinum
1215 551 1279 571 non
1301 551 1448 583 expresse

103 594 277 625 excluserit
298 592 338 624 ab
358 592 545 637 hujusmodi
566 592 684 632 officio,
709 592 924 624 decidendum
947 599 1011 632 est,
1031 604 1108 624 eum
1129 593 1169 624 ad
1190 593 1222 625 id
1248 605 1313 625 esse
1330 594 1449 625 admit-

103 647 250 679 tendum.
281 647 379 687 Quod
399 648 423 678 si
445 659 520 680 vero
547 647 608 678 hoc
632 647 763 678 nomine
787 646 931 689 legatum
954 646 1085 689 aliquod
1105 647 1134 678 ei
1157 646 1306 679 relictum
1328 647 1447 688 suerit,

102 703 322 746 dispositiones
344 709 403 734 art.
430 702 494 737 726
515 708 547 733 et
567 703 633 735 912
654 701 689 733 C.
713 701 782 734 Civ.
804 700 969 734 valebunt.

147 811 271 842 XXVI.
308 810 453 842 Dubium
473 821 539 842 esse
561 810 691 853 nequit,
713 809 793 852 legis
812 815 927 841 nostrae
949 809 1050 842 civilis
1072 809 1310 852 dispositioneS,
1333 809 1450 853 quibus

103 864 311 908 obligationes
332 877 372 896 ex
394 865 511 896 delicto
527 865 574 907 (1)
597 864 647 896 vel
668 876 707 896 ex
728 865 814 896 facto
835 864 975 907 quodam
996 865 1084 907 quasi
1102 875 1142 895 ex
1159 864 1275 896 delicto
1293 865 1344 897 vel
1360 866 1450 908 quasi

103 931 142 951 ex
164 926 332 951 contractu
354 920 492 950 orientes
513 919 787 958 determinantur,
807 920 967 950 extraneis
987 918 1074 950 haud
1091 930 1182 950 secus
1201 931 1237 951 ac
1257 919 1450 952 nostratibus

103 984 220 1004 nocere
236 979 268 1003 et
284 973 449 1015 prodesse,
464 973 507 1003 ita
523 978 561 1003 ut
579 978 748 1012 extraneo,
765 983 815 1003 ex.
833 984 880 1015 gr.
891 997 899 1012 ,
913 972 1031 1004 aedium
1046 973 1211 1012 dominus,
1229 973 1322 1017 cujus
1337 973 1450 1006 domus

104 1032 161 1057 aut
180 1026 365 1057 refectionis
389 1026 521 1057 defectu
543 1032 600 1057 aut
620 1026 797 1057 aedificandi
821 1027 897 1057 vitio
918 1027 1044 1057 ruinam
1068 1027 1197 1067 fecerit,
1225 1027 1339 1070 illique
1359 1027 1451 1058 dam-

103 1091 185 1111 num
206 1080 347 1119 dederit,
371 1080 527 1110 damnum
548 1079 630 1110 illud
651 1079 834 1121 plenissime
854 1081 1007 1111 resarcire
1028 1086 1188 1113 teneatur.
1219 1082 1372 1113 Similiter
1394 1084 1450 1125 qui

104 1133 248 1164 extranei
267 1133 394 1175 negotia
417 1133 565 1175 gesserit,
593 1133 714 1175 pariter
733 1144 808 1176 erga
830 1144 906 1164 eum
926 1140 1023 1177 atque
1044 1145 1119 1178 erga
1142 1135 1243 1166 alium
1263 1136 1449 1179 quempiam

103 1186 272 1229 obligatur.
305 1205 350 1210 -
381 1187 596 1229 Peregrinum
618 1193 746 1227 autem,
768 1188 864 1218 etiam
883 1189 1038 1219 aerumnis
1062 1189 1214 1221 obrutum
1228 1213 1236 1228 ,
1258 1189 1298 1220 ad
1326 1189 1450 1221 benefi-

102 1240 188 1270 cium
210 1240 358 1271 cessionis
382 1240 542 1272 bonorum
563 1253 628 1272 non
650 1252 716 1272 esse
736 1241 973 1273 admittendum
997 1244 1109 1274 statuit
1130 1249 1189 1274 art.
1213 1243 1278 1275 905
1303 1243 1338 1275 C.
1361 1256 1449 1287 proc.

101 1293 198 1332 Quod
217 1293 253 1325 ea
276 1295 400 1326 ratione
421 1294 597 1335 fundatur,
625 1294 710 1338 q'uod
732 1294 838 1338 Belgis
862 1295 1106 1337 difficillimum,
1127 1298 1228 1329 immo
1248 1299 1364 1341 saepius
1386 1299 1451 1330 im-

100 1346 248 1390 possibile
268 1348 367 1388 foret,
390 1348 477 1379 illius
497 1349 645 1380 cessionis
669 1349 885 1380 sinceritatem
906 1350 940 1381 in
960 1350 1062 1394 patria
1084 1351 1171 1382 illius
1194 1353 1356 1395 peregrini
1373 1364 1451 1384 exa—

100 1402 241 1442 minare,
262 1401 373 1446 ejusve
393 1401 529 1433 effeetus
549 1403 711 1445 persequi.

145 1510 284 1542 XXVII.
322 1511 514 1554 Peregrinos
535 1511 567 1542 in
589 1510 699 1554 Belgio
720 1510 864 1543 validum
887 1512 970 1543 inire
992 1523 1081 1555 posse
1102 1519 1251 1556 pactum,
1279 1525 1354 1545 cum
1380 1526 1450 1545 ma-

103 1564 283 1595 trimoniale
316 1575 373 1596 seu
402 1564 591 1609 conjugale,
625 1577 689 1609 quo
716 1567 824 1609 ipsum
855 1567 1096 1598 matrimonium
1130 1568 1348 1608 contrahitur,
1380 1575 1448 1600 tum

100 1618 264 1661 nuptiale,
286 1629 351 1661 quo
372 1619 575 1651 definiuntur
596 1619 666 1664 jura
684 1621 766 1652 circa
789 1620 966 1665 conjugum
982 1621 1082 1662 bona,
1104 1621 1292 1665 ambiguum
1309 1634 1374 1654 non
1391 1629 1448 1654 est.

100 1671 224 1703 Verum
252 1672 357 1717 quoad
382 1673 477 1705 hosce
504 1680 703 1715 contractuS,
730 1674 966 1707 observandum
989 1681 1035 1707 est
1056 1675 1191 1707 effectus
1212 1687 1339 1717 eorum,
1367 1678 1450 1709 sicut

104 1731 135 1756 et
153 1726 270 1758 formas
294 1727 501 1760 habilitantes
520 1730 588 1772 regi
610 1729 682 1773 lege
700 1730 778 1770 loci,
803 1731 837 1762 in
861 1742 925 1774 quo
948 1732 1092 1763 extranei
1113 1731 1219 1763 sedem
1242 1743 1351 1763 reruni
1373 1744 1449 1764 sua—

104 1791 175 1811 rum
197 1783 402 1815 constitutam
423 1783 600 1825 habebant,
623 1791 671 1816 est
689 1786 776 1816 enim
795 1785 828 1817 id
850 1797 952 1829 genus
969 1786 1167 1825 contractus,
1191 1792 1228 1817 ut
1247 1797 1322 1817 eum
1340 1786 1447 1818 locuni

104 1835 238 1874 spectari
256 1843 413 1878 oporteat,
433 1837 490 1869 ubi
513 1839 646 1870 maritus
666 1839 867 1871 domicilium
888 1839 1019 1880 habuit,
1039 1851 1104 1871 non
1123 1839 1178 1871 ubi
1195 1840 1446 1872 instrumentrun

104 1886 208 1918 dotale
240 1891 453 1933 conscriptum
481 1898 538 1923 est.
574 1893 699 1924 Formae
726 1900 835 1926 autem
862 1895 1033 1938 utriusque
1058 1894 1144 1937 pacti
1169 1892 1356 1926 extrinsecae
1381 1897 1446 1926 sive

103 1940 274 1983 probantes
295 1945 408 1976 nostris
429 1945 555 1988 legibus
577 1954 743 1990 regentur.

148 2067 180 2095 (r)
198 2067 255 2090 Art.
275 2069 300 2091 3.
320 2068 381 2091 Cod.
401 2071 464 2092 Inst.
482 2071 560 2094 Crim-
