1747 2620
925 266 1039 311 (64)

312 343 460 375 interiora
479 354 586 375 versus
601 347 746 387 protrusa
764 342 903 381 suerint,
920 347 972 381 ut,
991 341 1089 372 solitis
1105 342 1216 372 mediis
1232 347 1411 373 extrorsum
1427 353 1490 373 non
1507 341 1643 385 amplius

313 399 423 430 reduci
442 399 562 442 possint
578 398 641 440 (1),
664 403 742 429 tunc
757 398 887 428 omnino
902 397 934 427 in
952 396 1082 427 consilio
1099 402 1145 426 est
1164 396 1248 426 infra
1269 396 1441 427 fracturam
1458 396 1645 427 incisionem

312 453 479 484 instituere
502 453 586 483 iuter
607 451 768 483 musculos
788 450 1019 489 inim-costales,
1044 450 1178 492 haecque
1199 456 1324 492 oportet
1345 456 1440 482 tantae
1461 451 1500 481 sit
1522 459 1647 493 magm-

313 507 433 539 tudinis
454 513 491 538 ut
511 506 647 549 digitum
664 505 826 544 admittat,
847 504 939 547 cujus
956 515 1016 546 ope
1036 504 1214 546 fragmenta
1235 505 1267 534 in
1285 504 1353 534 loco
1372 516 1429 535 suo
1445 503 1647 535 reducuntur

313 567 346 592 et
365 562 528 603 figuntur:
558 560 607 591 hae
635 565 710 590 sunt
735 559 894 601 graviores
919 557 1177 600 complicationes
1206 569 1278 600 quae
1307 564 1464 589 costarum
1494 558 1648 589 fracturas

312 616 402 658 sequi
424 620 572 657 possunt,
596 626 668 657 quae
690 620 797 644 tamen
818 624 927 644 omnes
948 611 1042 643 facile
1061 612 1135 642 artis
1157 622 1216 654 ope
1238 617 1401 642 sanantur.

357 669 427 699 Jam
451 668 490 699 ad
511 668 603 700 aliam
626 668 911 699 considerationem
932 666 1076 697 animum
1092 664 1310 696 advertamus:
1333 663 1430 706 paulo
1450 676 1545 707 supra
1563 664 1648 695 dixi-

314 735 384 755 mus
405 723 560 754 fracturas
581 728 739 753 costarum
759 722 980 764 superiorum,
1003 720 1130 762 primae,
1153 717 1320 757 secundae,
1345 718 1446 749 tertiae
1467 717 1567 748 multo
1584 717 1650 748 dis-

314 777 430 808 ficilius
451 776 557 808 locum
580 775 698 807 habere
719 787 815 818 quam
840 774 1035 813 mediarum,
1053 773 1140 815 atqui
1160 774 1324 803 enimvero
1346 782 1410 802 non
1427 771 1650 802 tantummodo

314 830 395 861 illud
418 842 529 862 verum
553 836 599 860 est
617 829 671 860 sed
690 835 723 860 et
740 829 834 860 etiam
859 828 1001 871 proferre
1022 827 1173 858 audacter
1192 836 1377 868 possumus:
1404 836 1467 868 quo
1490 824 1649 856 difficilius

317 885 511 926 franguntur
536 889 644 922 costae,
670 893 707 913 eo
737 882 946 924 periculosius
971 881 1125 912 damnum
1151 891 1216 910 esse
1238 879 1301 921 (2),
1330 885 1361 909 et
1382 890 1492 910 revera
1522 885 1558 910 ut
1583 878 1651 911 istae

317 944 410 968 costae
426 938 533 979 rumpi
550 937 670 979 possint
684 936 730 967 vis
750 935 849 979 major
862 936 1038 977 requiritur
1053 946 1150 976 quam
1167 933 1298 975 quidem
1316 938 1354 964 ut
1368 932 1480 964 mediae
1497 933 1652 975 frangan—

315 997 389 1030 tur,
417 996 449 1021 et
470 990 586 1021 exinde
612 990 782 1021 commotio
810 995 842 1020 et
865 989 1025 1020 viscerum
1047 987 1132 1018 laesio
1153 986 1404 1017 Thoracicorum
1425 986 1526 1030 major
1551 993 1599 1017 est
1620 993 1652 1018 et

318 1044 452 1087 proinde
473 1044 614 1074 fractura
634 1043 736 1074 multo
755 1042 978 1085 periculosior:
1003 1041 1089 1084 quod
1110 1040 1149 1071 ad
1170 1040 1300 1071 ultimas
1320 1045 1419 1071 costas
1439 1045 1578 1083 spectat,
1600 1041 1652 1072 vix

320 1098 424 1140 frangi
451 1103 603 1139 possunt,
633 1097 712 1139 quin
736 1096 847 1127 eodem
880 1102 1022 1138 tempore
1048 1101 1287 1126 commoveatur
1309 1101 1365 1125 aut
1388 1094 1581 1126 dilaceretur
1607 1094 1655 1137 (3)

317 1152 417 1195 hepar
438 1151 488 1183 vel
504 1151 586 1189 lien,
608 1156 640 1181 et
660 1151 728 1193 ipse
743 1150 873 1193 quidem
894 1148 1092 1181 ventriculus
1109 1149 1273 1181 vulnerari
1289 1148 1340 1180 vel
1356 1160 1421 1179 uno
1441 1149 1542 1180 aliove
1561 1149 1652 1180 modo

318 1205 389 1237 laedi
411 1211 530 1247 potest:
553 1215 699 1246 quaenam
723 1203 839 1234 exinde
856 1203 994 1246 sequelae
1012 1204 1155 1234 oriantur
1172 1203 1267 1234 facile
1283 1208 1386 1245 patet,
1406 1214 1529 1246 neque,
1549 1203 1574 1234 si
1590 1203 1653 1234 tale

319 1258 397 1301 quid
415 1258 539 1296 evenit,
556 1256 770 1288 dubitandum
787 1263 834 1287 est
848 1256 975 1287 lethum
991 1257 1166 1287 necessario
1181 1256 1298 1287 exinde
1313 1262 1410 1299 atque
1427 1257 1488 1287 cito
1506 1256 1652 1300 produci.

320 1312 419 1356 Cujus
435 1312 543 1342 asserti
562 1312 677 1343 veritas
693 1310 840 1353 sequenti
857 1322 873 1341 a
889 1310 1013 1341 Bolinio
1030 1309 1128 1340 relata
1140 1309 1359 1341 observatione
1371 1311 1579 1342 confirmatur
1592 1310 1654 1353 (4):

320 1378 339 1397 )>
355 1365 495 1406 Quidam
516 1364 630 1396 nobilis
648 1363 787 1396 fustibus
808 1365 962 1407 agitatus,
984 1375 1020 1395 ac
1039 1364 1078 1395 de
1097 1364 1350 1406 exquisitissimis
1368 1363 1529 1395 doloribus
1549 1363 1659 1395 lateris

321 1431 339 1451 ))
359 1419 462 1451 dextri
481 1423 691 1461 conquestus,
716 1424 804 1449 sexto
825 1430 841 1449 a
863 1418 1066 1461 percussione
1086 1417 1137 1448 die
1159 1417 1296 1456 obierat,
1320 1417 1418 1461 hujus
1443 1417 1476 1448 in
1503 1417 1657 1450 cadavere

322 1485 340 1504 ))
357 1473 506 1512 dissecto,
528 1477 667 1515 quatuor
687 1478 779 1503 costae
798 1471 950 1503 diffractae
966 1470 1197 1511 cernebantur3
1215 1482 1313 1513 quam
1333 1470 1493 1502 laesionem
1505 1495 1513 1511 ,
1531 1471 1565 1502 in
1583 1482 1658 1515 spe-

323 1539 341 1558 ))
361 1528 408 1558 cie
430 1532 606 1566 costarum,
626 1526 828 1557 nominatum
850 1524 1021 1567 collegium
1039 1524 1190 1555 lethalem
1206 1523 1394 1564 declaravit,
1414 1525 1468 1555 cui
1483 1523 1574 1556 nulla
1591 1530 1658 1559 arte

324 1580 480 1612 »mederi
501 1590 703 1619 concessum,
731 1579 805 1621 quia
832 1577 1038 1621 pleuritidem
1065 1577 1277 1609 incurabilem
1304 1577 1487 1617 induxerit,
1520 1578 1658 1621 respira—

325 1646 343 1666 ))
359 1635 477 1665 tionem
501 1633 801 1665 adsuffocationem
817 1643 919 1675 usque
937 1631 1137 1672 turbantem,
1159 1632 1305 1675 quamvis
1320 1631 1402 1663 nihil
1424 1631 1657 1673 remediorum,

325 1700 343 1719 ))
361 1699 419 1719 nec
440 1699 528 1720 venae
547 1688 643 1718 sectio
662 1686 792 1730 quidem
811 1687 912 1718 fuerit
932 1686 1166 1726 administrata,
1187 1697 1248 1718 nec
1268 1686 1432 1729 sanguinis
1449 1687 1638 1718 extravasati
1650 1711 1658 1727 ,

327 1741 463 1785 »qualis
488 1740 698 1771 nihilominus
726 1751 765 1771 ex
801 1741 879 1772 vasis
909 1740 1163 1772 intercostalibus
1192 1740 1289 1772 simul
1320 1739 1422 1783 ruptis
1451 1740 1658 1783 probabiliter

327 1808 346 1828 ))
362 1795 539 1840 prodierat,
583 1794 649 1826 ulla
680 1795 800 1826 mentio
833 1795 917 1826 facta
957 1794 1087 1826 fuerit.''
1131 1794 1238 1833 Quam
1275 1794 1444 1825 dirissimas
1485 1794 1659 1837 complica-

327 1852 427 1883 tiones
451 1861 561 1881 secum
586 1848 713 1880 trahere
739 1849 859 1892 possint
885 1849 1034 1881 fracturae
1055 1854 1214 1881 costarum
1231 1860 1314 1892 pone
1333 1859 1469 1892 sequens
1484 1847 1660 1883 observatio

388 1976 422 2005 (ι)
438 1975 585 2005 Duverney‚
604 1974 624 1997 1.
646 1974 666 1997 l.
687 1978 749 1997 tom.
767 1975 790 1996 Ι.
807 1981 864 2005 pag.
885 1975 940 2005 267.

389 2016 421 2045 (2)
439 2015 529 2043 Orfila,
550 2015 569 2037 1.
590 2015 627 2043 l.,
645 2019 707 2037 tom.
727 2016 749 2038 1.
771 2020 837 2045 part.
859 2023 885 2044 2,
904 2023 961 2047 pag.
981 2016 1036 2040 650.
1064 2015 1156 2047 Boyer,
1177 2014 1197 2039 l.
1217 2014 1254 2045 l.‚
1274 2019 1335 2038 tom.
1359 2016 1396 2038 11.
1418 2022 1476 2046 pag.
1493 2015 1533 2045 69.

388 2056 421 2085 (3)
438 2055 585 2085 Duveruey,
605 2054 624 2077 l.
645 2054 682 2083 1.‚
703 2059 765 2077 tom.
786 2056 808 2077 1.
829 2063 886 2086 pag.
907 2056 962 2080 265.

389 2096 422 2126 (4)
440 2094 563 2122 Bohnius,
583 2094 612 2118 de
630 2102 749 2124 reuuuc.‚
771 2102 828 2126 pag.
851 2095 906 2120 251.
