1747 2620
718 249 838 291 (17)

160 326 240 365 Quis
266 330 329 364 est,
350 324 387 355 A.
410 323 467 362 H.,
488 322 545 365 qui
566 332 630 352 uon
647 320 821 363 intelligat,
845 330 1007 351 summum
1028 320 1062 350 in
1080 319 1242 363 republica
1262 322 1434 364 imperium

116 380 186 422 jure
211 378 345 421 quodam
368 376 483 408 debere
506 376 713 406 constitutum
735 373 826 405 esse?
851 372 932 404 Nam
953 373 977 403 si
999 372 1088 404 nullo
1108 373 1188 404 illud
1212 373 1295 417 justo
1318 374 1436 405 funda—

115 437 223 464 mento
252 431 386 469 nititur,
415 439 520 470 neque
546 429 588 466 is,
618 428 674 469 qui
698 432 786 457 tenet
806 425 1008 468 publicarum
1032 437 1140 457 rerum
1165 437 1339 466 summam,
1355 427 1437 469 jure

116 486 270 527 imperat,
301 483 354 514 sed
382 482 445 513 sola
473 482 507 512 vi
537 481 738 519 dominatur,
769 490 874 522 neque
907 479 990 510 cives
1008 478 1089 520 jare
1120 478 1288 518 obediunt,
1317 480 1371 510 sed
1399 481 1438 511 ad

116 537 325 568 obedientiam
355 536 389 566 vi
413 533 662 576 compelluntur.
692 532 788 572 Quod
814 543 888 564 vero
911 531 998 562 aliud
1026 533 1143 563 summi
1165 533 1292 574 imperii
1318 533 1438 564 funda-

116 594 276 627 mentum,
298 587 418 630 justum
438 598 473 617 ac
494 586 690 628 legitimum,
708 585 879 627 excogitari
896 589 1013 626 potest,
1034 590 1150 626 praeter
1166 585 1297 616 liberam
1319 586 1438 618 civium

116 641 312 673 voluntatem
333 645 428 681 atque
451 638 665 671 consensum?
690 638 818 668 Homini
842 637 928 668 enim
953 637 992 667 ab
1014 638 1135 679 origine
1159 637 1247 668 nulla
1269 638 1327 668 alia
1350 650 1438 669 com-

116 698 231 735 petunt
254 691 344 735 jura,
374 692 433 722 nisi
456 702 513 730 ea,
542 702 614 733 quae
642 701 716 721 cum
741 691 808 732 ipso
838 690 926 731 quasi
956 695 1028 720 nata
1060 696 1155 729 sunt,
1191 696 1223 721 ct
1253 692 1438 733 originaria

117 745 328 788 appellantur.
355 744 404 775 Ad
427 744 497 775 haec
521 749 628 775 autem
657 742 728 786 jura
753 742 895 784 profecto
920 753 985 772 non
1009 743 1148 784 pertinet
1170 742 1220 786 jus
1242 743 1310 774 aliis
1334 744 1438 786 impe-

117 798 221 837 randi,
248 808 334 840 quae,
360 797 398 827 ad
421 796 586 827 consilium
610 795 825 838 quodcunque
850 794 1075 834 obtinendum,
1100 796 1169 826 fieri
1193 795 1232 825 ab
1253 797 1342 838 ipsis,
1368 808 1438 838 quae

118 851 221 881 omitti
246 849 401 889 debeant3
428 860 529 891 quum
557 860 666 879 omnes
688 859 762 879 sane
787 848 897 879 eadem
922 854 954 879 et
975 848 1089 890 aequali
1114 860 1131 878 a
1157 849 1271 879 natura
1294 849 1439 880 libertate

118 904 284 943 fruantur,
308 903 410 945 eaque
430 902 527 933 nullis
551 902 618 932 aliis
643 901 796 932 limitibus
822 902 882 931 nisi
906 900 1047 942 legitima
1071 900 1268 942 reliquorum
1294 901 1439 933 libertate

119 954 372 996 circumscripta3
391 954 527 995 ideoque
542 965 558 983 a
572 959 685 985 natura
702 954 856 992 universi,
877 954 911 984 in
927 954 1048 984 mutuis
1068 953 1162 984 rebus
1177 960 1271 996 atque
1288 956 1438 997 negotiis,

119 1019 184 1038 non
209 1008 268 1037 nisi
298 1007 437 1037 rdtionis
467 1005 589 1048 legibus
618 1012 650 1037 et
674 1006 808 1048 imperio
833 1005 966 1048 subjecti
995 1006 1067 1036 sint.
1103 1006 1184 1044 Quae
1213 1018 1314 1048 quum
1340 1009 1382 1038 ita
1407 1019 1439 1039 se

120 1059 271 1098 habeant,
290 1058 339 1100 jus
354 1059 495 1099 imperii,
516 1069 573 1088 seu
589 1057 639 1100 jus
654 1058 721 1088 aliis
736 1057 850 1100 agendi
866 1069 991 1088 normas
1009 1058 1247 1100 praescribendi,
1264 1070 1439 1102 eorumque

120 1113 257 1143 actiones
277 1110 316 1141 ad
335 1110 541 1141 obtinendum
563 1111 658 1141 finem
680 1110 854 1153 quemlibet
874 1110 1075 1150 moderandi,
1096 1110 1208 1153 procul
1229 1111 1325 1142 dubio
1346 1112 1440 1143 debet

120 1164 274 1205 adquiri,
304 1164 426 1205 *quippe
451 1163 535 1205 quod
560 1175 577 1193 a
603 1169 717 1194 natura
746 1162 889 1193 nondum
913 1162 1042 1192 exsistit.
1075 1162 1198 1193 Verum
1222 1161 1272 1205 jus
1297 1163 1378 1195 illud
1401 1164 1440 1195 ab

120 1216 187 1247 aliis
206 1215 387 1246 hominibus
403 1215 568 1258 exigendi,
592 1221 630 1246 ut
646 1215 840 1247 voluntatem
859 1215 1005 1256 viresque
1023 1225 1094 1245 suas
1112 1215 1152 1249 in,
1166 1214 1260 1245 rebus
1276 1216 1438 1256 omnibus,

120 1280 191 1311 quae
205 1268 251 1305 ,ad
272 1269 367 1299 finem
386 1270 583 1310 propositum
604 1273 763 1310 spectent,
784 1267 919 1298 aliorum
938 1267 1105 1298 hominum
1128 1267 1285 1299 voluntati
1304 1268 1440 1300 submit-

120 1327 208 1360 tant,
235 1326 272 1352 ut
295 1321 394 1363 igitur
417 1321 552 1360 faciant,
578 1320 617 1351 ad
645 1320 730 1363 quod
757 1319 940 1350 faciendum
968 1331 1032 1350 non
1059 1331 1075 1350 a
1100 1325 1213 1351 natura
1239 1320 1438 1363 obligantur,

120 1386 184 1405 non
206 1380 307 1416 potest
331 1374 390 1404 nisi
407 1373 507 1404 libero
531 1385 642 1404 eorum
662 1384 815 1404 consensu
835 1373 970 1415 adquiri.
991 1372 1101 1414 Itaque
1124 1373 1246 1403 nemini
1267 1373 1441 1415 imperium

120 1429 156 1459 in
174 1427 249 1458 alios
265 1426 335 1469 jure
356 1427 506 1468 competit
516 1450 524 1465 ,
539 1427 600 1456 nisi
615 1425 777 1458 voluntate
797 1436 924 1464 eorum,
940 1425 996 1466 qui
1010 1424 1108 1455 libere
1123 1435 1155 1456 se
1169 1425 1215 1456 illi
1229 1425 1438 1469 subjecerint,

122 1490 226 1521 neque
246 1479 374 1510 alterius
396 1479 529 1521 imperio
553 1477 719 1509 obediendi
742 1478 861 1508 exsistit
886 1477 1041 1516 officium,
1064 1477 1123 1507 nisi
1149 1489 1167 1507 a
1189 1477 1320 1508 subditis
1340 1478 1439 1510 libere

124 1537 316 1573 susceptum.
345 1532 398 1562 Ex*
421 1531 536 1574 quibus
562 1531 766 1562 manifestum
789 1536 851 1571 est,
879 1541 1035 1561 summam
1060 1541 1188 1572 quoque
1216 1530 1250 1560 in
1277 1531 1439 1573 republica

124 1590 308 1627 potestatem
339 1584 452 1615 debere
478 1585 639 1615 communi
673 1584 797 1615 civium‘
826 1594 980 1614 consensu
1008 1588 1255 1625 superstructam
1287 1585 1438 1626 cogitari:

125 1642 220 1679 atque
242 1636 302 1667 hoc
321 1647 414 1667 sensu
439 1642 522 1667 recte
548 1637 713 1675 docemus,
737 1648 900 1668 summum
925 1637 1096 1678 imperium
1118 1648 1135 1666 a
1159 1636 1277 1678 populo
1298 1648 1438 1669 manare.

126 1689 334 1731 Quaecunque
353 1689 450 1731 igitur
467 1691 506 1719 sit
525 1689 633 1720 rerum
653 1688 852 1731 publicarum
874 1689 991 1728 forma,
1012 1690 1077 1720 sive
1096 1689 1179 1720 cives
1198 1689 1354 1729 universi,
1374 1690 1438 1723 sive

126 1742 303 1784 optimates,
323 1743 388 1773 sive
405 1742 566 1784 princeps,
584 1743 699 1773 summi
721 1742 847 1784 imperii
863 1741 934 1784 jure
954 1742 1120 1781 fruantur3
1143 1742 1208 1773 sive
1223 1741 1362 1772 absoluta
1383 1743 1438 1783 sit,

127 1794 187 1825 hoc
211 1800 275 1834 est,
300 1794 396 1825 nullis
421 1795 488 1826 aliis
511 1796 570 1826 nisi
586 1801 716 1826 ‘naturae
733 1794 894 1826 ‘limitibus
921 1794 1178 1836 circumscripta,
1210 1794 1275 1825 sive
1303 1794 1439 1836 publicis

127 1847 276 1877 institutis
304 1853 475 1889 temperata
498 1849 545 1879 'sit
576 1854 710 1889 potestas
740 1859 909 1891 suprema,
944 1859 1013 1879 eam
1043 1847 1154 1890 populi
1183 1847 1345 1879 voluntate
1379 1849 1439 1880 niti

127 1899 355 1930 contendimus.
382 1900 493 1943 Neque
517 1901 550 1931 in
565 1901 714 1933 >electivis
741 1907 880 1941 tantum,
906 1911 1017 1932 verum
1041 1901 1076 1930 in
1095 1899 1291 1930 hereditariis
1311 1911 1438 1943 quoque

126 1952 232 1993 regnis
264 1952 431 1994 imperium
466 1956 627 1985 communi
659 1955 777 1987 civium
813 1964 966 1985 consensu
997 1953 1030 1982 in
1063 1952 1214 1994 principis
1243 1963 1437 1984 succesorem

127 2004 296 2035 transmitti
313 2005 514 2038 statuendum
535 2012 590 2037 est.
616 2007 652 2037 In
678 2006 726 2038 his
745 2006 830 2037 enim
853 2004 1031 2038 civitatibus
1052 2003 1163 2048 populi
1182 2003 1342 2046 voluntaS,
1363 2016 1436 2036 suc-

1097 2069 1114 2098 3
