1747 2620
886 266 998 309 (14)

295 346 423 389 Regiam
448 344 664 376 auctoritatem
685 343 736 381 iis,
760 341 816 384 qui
837 340 896 382 ipsi
919 338 1115 381 placuerint,
1138 335 1292 368 limitibus
1309 337 1588 369 circumscribendi
1601 362 1611 378 ‚

295 399 445 442 illamque
469 397 520 430 vel
545 397 622 428 adeo
652 394 842 437 abrogandi,
874 398 906 423 et
931 391 1045 430 aliam,
1072 401 1168 433 quam
1196 391 1294 432 magis
1317 390 1463 422 idoneam
1487 390 1612 434 judica—

295 452 392 490 verit,
418 451 463 482 rei
487 449 621 492 publicae
646 448 779 478 formam
801 444 1022 477 constituendi.

339 504 433 535 Hunc
457 513 531 534 vero
560 502 743 543 scriptorem
772 499 866 540 longe
895 497 1057 539 superavit
1085 495 1228 527 sublimis
1257 497 1377 539 ingenii
1402 498 1470 537 vir,
1499 498 1609 535 Loke,

296 556 387 600 cujus
409 556 448 586 de
468 555 593 586 civitate
611 559 643 584 et
661 553 795 594 imperio
813 551 927 593 placita
948 561 1104 581 summam
1122 549 1237 581 deinde
1256 551 1291 580 in
1311 550 1423 593 Anglia
1441 552 1614 582 auctorita-

295 616 358 641 tem
378 608 594 639 obtinuerunt.
614 606 779 644 Homines,
796 603 974 635 secundum
989 602 1138 641 Lokium,
1157 602 1196 633 ab
1217 603 1337 645 origine
1355 604 1389 634 in
1413 609 1497 635 statu
1516 610 1614 636 natu-

294 662 368 701 rali,
397 661 456 692 hoc
480 666 541 699 est,
568 660 601 690 in
626 658 767 702 perfecta
790 656 942 689 libertatis
962 661 995 686 et
1014 655 1200 697 aequalitatis
1221 655 1417 695 conditione,
1436 662 1612 697 versantes,

295 720 416 746 mutuae
433 713 607 745 securitatis
631 711 740 750 causa,
761 711 794 741 in
815 710 942 742 civitate
966 714 1056 751 pacto
1081 719 1113 739 se
1134 708 1363 739 consociarunt.
1386 708 1549 740 Sociorum
1570 710 1615 740 ita

296 767 537 811 conjunctorum
568 765 743 796 communis
778 763 922 795 voluntas
956 762 1119 793 constituit
1155 763 1278 804 Legem
1290 775 1304 800 ;
1340 761 1475 804 ideoque
1504 756 1615 804 legum

295 821 499 853 ferendarum
524 825 658 862 potestas
677 818 795 861 populo
819 817 990 860 competit,
1014 826 1110 858 quam
1131 815 1183 846 vel
1204 816 1285 857 ipse,
1306 814 1356 845 vel
1375 825 1432 856 per
1456 814 1615 857 delegatos

296 880 437 914 exercet3
459 874 500 904 ita
516 879 638 911 tamen,
659 878 697 903 ut
714 882 841 913 quoque
865 871 942 913 Regi
959 870 1098 912 aliquam
1115 870 1147 899 in
1164 868 1287 911 legibus
1302 868 1473 899 condendis
1492 874 1615 911 partem

297 927 467 958 concedere
489 927 592 968 possit.
616 926 663 956 Ab
683 925 742 956 hac
768 930 920 966 potestate
938 923 1081 953 distinxit
1102 933 1191 961 eam,
1215 933 1286 963 quae
1307 921 1415 963 legum
1437 932 1617 963 exsequen—

297 980 407 1011 darum
432 979 531 1009 ossicio
553 978 722 1020 fungatur,
747 977 844 1018 priori
871 975 1066 1018 subjectam,
1095 985 1191 1016 quam
1214 974 1351 1015 populus
1380 975 1414 1003 in
1439 974 1617 1016 principem

297 1032 440 1063 conferre
465 1031 570 1073 possit.
591 1030 702 1071 Itaque
726 1029 835 1059 Locke
859 1028 981 1070 primus
1003 1027 1084 1065 fuit,
1107 1027 1163 1068 qui
1188 1025 1409 1067 legislatoriam
1431 1031 1617 1068 potestatem

297 1085 336 1116 ab
356 1084 551 1115 exsecutoria
572 1081 776 1124 separandam
798 1091 863 1112 esse
883 1081 1028 1119 doceret,
1050 1085 1146 1121 atque
1164 1079 1246 1109 hane
1266 1078 1305 1109 de
1326 1084 1517 1120 potestatum
1538 1080 1618 1112 civi-

299 1139 378 1170 lium
406 1137 556 1169 divisione
582 1136 769 1166 sententiam
798 1134 928 1176 plurimi
960 1132 1096 1171 deinde,
1126 1142 1227 1172 usque
1257 1131 1296 1162 ad
1323 1137 1427 1162 nostra
1454 1136 1618 1174 tempora,

300 1192 398 1224 secuti
422 1196 497 1222 sunt
517 1191 681 1232 scriptores
705 1188 834 1230 politici.

343 1246 378 1276 In
399 1244 510 1286 Anglia
531 1248 599 1286 post
619 1242 761 1273 Lokiam
782 1240 864 1271 nulli
888 1240 1078 1270 exstiterunt
1097 1237 1223 1281 majoris
1245 1237 1438 1268 auctoritatis
1461 1238 1537 1277 viri,
1563 1238 1620 1279 qui

300 1298 377 1341 juris
394 1297 512 1340 publici
533 1295 718 1327 universalis
731 1293 928 1335 disciplinam
949 1291 1160 1329 illustrarent3
1180 1289 1235 1320 sed
1253 1289 1400 1319 Britanni
1418 1290 1493 1320 artis
1513 1290 1619 1332 potius

301 1351 450 1393 politicae,
472 1349 678 1391 inprimisque
697 1346 879 1378 oeconomiae
900 1344 1035 1387 publicae
1051 1343 1247 1385 provinciam
1262 1348 1467 1373 exornarunt.
1483 1343 1520 1373 In
1536 1343 1620 1374 Ger-

301 1404 403 1434 mania
429 1414 502 1434 vero
529 1399 724 1443 Pafendorf
742 1405 774 1430 et
801 1398 963 1429 Boelzmer
989 1397 1084 1439 primi
1113 1398 1275 1439 integrum
1305 1395 1519 1427 condiderunt
1543 1395 1622 1439 juris

301 1456 420 1499 publici
439 1454 624 1488 universalis
642 1459 794 1496 systema,
814 1451 966 1493 illamque
986 1449 1162 1480 doctrinam
1184 1449 1382 1491 diligentiuS,
1401 1460 1498 1491 quam
1515 1449 1621 1481 adhuc

303 1511 423 1540 factum
448 1514 531 1547 erat,
556 1507 774 1538 excoluerunt.
799 1505 848 1535 Illi
869 1514 995 1547 quoque
1016 1503 1135 1545 egregii
1153 1503 1213 1534 viri
1234 1513 1415 1544 supremam
1435 1508 1622 1544 potestatem

305 1573 458 1593 consensu
481 1561 607 1603 populi,
631 1559 715 1601 apud
742 1569 838 1602 quem
865 1557 1019 1600 principio
1040 1556 1154 1594 fuerit,
1178 1556 1212 1585 in
1238 1556 1450 1597 imperantem
1477 1554 1622 1586 collatam

309 1626 373 1645 esse
394 1614 587 1653 docuerunt,
611 1619 643 1644 et
663 1613 768 1655 potius
789 1610 936 1642 Hobbesii
956 1610 1130 1640 doctrinam
1151 1609 1265 1647 secuti,
1285 1608 1422 1650 principi
1444 1608 1575 1650 plenum
1591 1613 1624 1638 et

307 1667 499 1706 absolutum,
525 1665 578 1696 sed
599 1665 725 1696 nonnisi
748 1665 782 1694 in
809 1662 992 1705 reipublicae
1017 1662 1150 1693 salutem
1184 1667 1362 1693 constanter
1385 1660 1599 1692 adhibendum
1614 1683 1623 1699 ,

306 1721 476 1763 imperium
501 1719 698 1757 tribuerunt,
729 1727 855 1748 omnem
880 1726 954 1748 vero
978 1716 1104 1757 imperii
1123 1714 1308 1746 divisionem
1330 1712 1521 1756 rejecerunt.

350 1774 478 1805 Diversa
502 1772 540 1803 ab
563 1772 611 1803 his
634 1771 740 1814 paullo
764 1775 833 1812 post
858 1770 892 1800 in
915 1768 1017 1799 Gallia
1042 1768 1248 1800 invaluerunt
1274 1766 1313 1796 de
1342 1777 1466 1797 summo
1491 1765 1624 1807 imperio

309 1827 474 1869 principia.
494 1826 540 1856 Ac
555 1825 656 1867 primo
672 1823 819 1866 quidem,
838 1823 942 1854 seculo
958 1822 1080 1853 decimo
1095 1828 1220 1860 octavo,
1239 1820 1495 1861 Monte-§quiem
1516 1818 1625 1861 patriae

309 1891 373 1911 suae
389 1885 542 1910 aeternum
568 1879 678 1917 decus,
694 1877 838 1920 adoptata
856 1876 943 1907 Lokii
967 1875 1121 1914 doctrina,
1142 1885 1303 1905 summum
1323 1873 1493 1915 imperium
1514 1871 1625 1914 populi

311 1944 392 1972 esse3
416 1938 493 1971 tres,
520 1933 552 1962 in
574 1943 652 1974 quas
670 1930 750 1961 illud
771 1930 891 1970 divisit,
916 1935 1096 1972 potestates,
1120 1928 1357 1970 legislatoriam,
1383 1926 1564 1971 judicialem
1594 1931 1626 1956 et

312 1987 541 2024 exsecutivam,
564 1991 654 2016 caute
675 1984 875 2027 separandas3
905 1984 1011 2026 legum
1038 1988 1145 2013 autem
1171 1981 1375 2012 ferendarum
1395 1979 1446 2023 jus
1468 1991 1485 2010 a
1508 1977 1625 2022 populo

313 2040 376 2070 solo
401 2050 457 2082 per
479 2038 635 2081 delegatos
655 2037 888 2077 exercendum,
914 2037 1125 2069 eit-secutivam
1151 2039 1334 2077 potestatem
1364 2033 1515 2076 principi,
1538 2030 1625 2074 judi-
