1747 2620
916 286 1029 329 (98)

308 361 402 393 corde
414 372 588 395 -cervorum
607 362 688 393 acies
703 362 864 404 spicarum
878 360 941 403 (1),
963 360 1150 403 globulique
1166 361 1345 404 sclopetarii
1366 360 1501 404 reperti3
1519 359 1643 392 Weber

306 417 464 449 invenisse
482 428 514 448 se
534 423 667 448 testatur
686 418 719 447 in
742 416 835 447 corde
851 416 923 447 Suis
942 415 1083 457 scrophae
1099 414 1204 446 baculi
1222 415 1455 458 fragmentum,
1476 427 1540 458 quo
1560 413 1642 446 ill'ud

305 470 422 501 animal
435 476 508 501 ante
523 482 577 501 sex
597 481 719 500 menses
736 470 843 500 fuerat
861 469 1056 508 sauciatm113
1073 468 1271 507 Sanetorius,
1286 474 1421 500 testante
1440 468 1522 500 illud
1539 468 1642 499 Glan-

304 524 428 567 dorpio,
450 524 568 555 vulnus
589 524 674 553 canis
695 522 781 554 cordi
801 521 933 560 inflixit,
955 521 1074 564 illaque
1090 521 1175 552 laesio
1197 533 1260 552 non
1280 522 1448 565 impedivit
1468 522 1641 565 quominus

302 578 356 609 hic
380 589 437 620 per
458 577 580 620 aliquot
600 588 723 608 menses
743 577 869 608 rixerit.
904 577 977 607 Haec
1001 579 1107 607 onmia
1133 576 1263 619 quidem
1288 577 1424 620 probant
1445 588 1509 607 non
1533 576 1638 607 omnia

303 632 405 662 cordis
426 631 558 663 vulnera
580 631 709 662 lethalia
731 642 797 662 esse
817 631 902 674 apud
925 630 1091 669 animalia,
1115 629 1168 660 sed
1188 642 1399 672 possumusne
1418 630 1534 662 exinde
1561 641 1640 660 con-

303 686 433 717 cludere
447 686 528 717 illud
541 686 585 717 sic
601 686 694 716 etiam
713 685 798 728 apud
817 686 962 716 homines
980 684 1087 715 locum
1107 683 1248 715 habere?
1265 683 1338 714 Haec
1353 695 1461 715 revera
1479 683 1640 714 conclusio

300 745 437 770 testante
464 740 511 770 De
532 740 632 770 Senac
651 739 714 781 (2),
740 739 872 769 minime
898 739 965 769 fieri
991 744 1109 781 potest,
1141 738 1201 768 nisi
1228 737 1381 769 accedant
1406 736 1640 769 ohservationes

300 804 373 836 quae
393 794 492 837 ipsam
516 793 655 824 stabilire
676 799 814 836 possent.
841 792 952 824 Refert
976 792 1094 823 idcirco
1115 782 1198 822 ide'm
1218 783 1275 823 ille
1297 792 1344 823 vir
1366 791 1548 823 Cabrolium
1568 792 1639 822 ani-

299 847 506 879 madvertisse
526 848 558 878 in
580 847 675 878 corde
694 846 861 890 cujusdam
883 846 1041 877 demortui
1062 846 1151 876 binas
1171 845 1349 876 cicatrices:
1373 845 1427 876 sed
1446 857 1535 877 nunc
1556 846 1639 876 circa

298 901 382 932 lianc
405 901 657 933 observationem
678 901 781 943 surgit
801 901 949 943 quaestio,
972 911 1051 931 num
1067 899 1187 930 scilicet
1203 900 1250 930 vir
1271 899 1325 931 ille
1346 900 1447 931 suerit
1461 900 1637 939 sauciatus,

298 954 427 986 necne?
447 955 534 986 Num
556 966 631 987 vero
647 954 699 985 illa
718 954 859 987 vulneris
875 954 1006 996 vestigia
1023 965 1087 984 non
1103 965 1120 984 e
1136 965 1304 996 praegressa
1325 954 1427 985 cordis
1441 954 1639 985 ulceratione

297 1010 440 1052 prosecta
462 1008 547 1039 sint‘?
568 1009 707 1040 Wolfius
728 1009 827 1051 magis
850 1007 981 1051 quidem
1003 1013 1147 1038 exactam
1165 1008 1352 1039 relationem
1376 1009 1469 1039 citat:
1491 1009 1639 1040 meminit

298 1064 419 1095 scilicet
434 1064 571 1095 hominis
584 1065 640 1107 qui
657 1064 763 1095 fuerat
780 1064 812 1094 in
830 1068 959 1106 pectore
975 1062 1108 1094 vulnere
1123 1062 1299 1104 perfossus,
1316 1062 1402 1105 quod
1418 1062 1457 1093 ad
1469 1074 1523 1093 cor
1535 1073 1638 1105 usque

297 1123 536 1161 penetraverat,
557 1118 708 1161 quoniam
731 1117 895 1148 observata
915 1116 979 1148 fuit
1000 1116 1133 1147 cicatrix
1157 1117 1190 1147 in
1211 1115 1280 1160 ejus
1299 1117 1399 1159 apice.
1426 1116 1510 1148 Huic
1529 1122 1637 1147 tamen

297 1183 465 1215 possumus
495 1171 654 1215 objicere,
683 1171 805 1203 vulnus
829 1170 910 1202 illud
937 1170 972 1200 in
996 1169 1098 1200 cordis
1128 1169 1315 1201 cavitatibus
1341 1182 1404 1200 non
1436 1176 1637 1213 penetrasse,

296 1225 432 1269 hujusce
458 1225 680 1256 tantummodo
701 1224 909 1255 substantiam
933 1224 1085 1263 secuisse,
1112 1230 1144 1255 et
1168 1223 1295 1267 jamjam
1324 1223 1509 1255 admisimus
1530 1225 1636 1255 omnia

295 1279 481 1324 hujusmodi
505 1279 639 1312 vulnera
663 1290 727 1310 non
749 1278 880 1322 quidem
902 1278 1095 1316 necessario,
1116 1277 1171 1308 sed
1194 1289 1252 1319 per
1275 1288 1308 1308 se
1326 1277 1455 1308 lethalia
1480 1289 1556 1308 esse.
1586 1278 1636 1308 En

294 1340 403 1365 tamen
421 1333 542 1366 accedit
564 1333 740 1365 observatio
761 1343 833 1376 quae
854 1331 983 1363 nullum
1002 1330 1137 1362 dubium
1158 1330 1342 1373 relinquere
1358 1336 1460 1373 petest
1480 1330 1522 1361 de
1536 1341 1637 1374 pene-

296 1389 431 1420 tratione
448 1388 591 1420 vulneris
607 1389 639 1419 in
657 1388 769 1419 corde:
788 1388 822 1419 in
839 1397 935 1430 opere
953 1397 970 1417 a
988 1385 1113 1416 medico
1130 1386 1248 1416 Latour
1264 1386 1442 1427 conscripto
1457 1384 1555 1416 relata
1572 1391 1635 1425 est,

295 1442 448 1486 illamque
471 1454 510 1474 ex
531 1453 628 1485 opere
648 1442 735 1473 Prof.
761 1442 865 1485 Boyer
886 1440 933 1482 (3)
954 1440 1094 1479 extraxi,
1121 1446 1153 1471 et
1173 1439 1226 1470 hic
1247 1444 1344 1469 totam
1367 1444 1519 1481 quantam
1544 1444 1635 1470 tran-

294 1497 412 1537 scribo,
435 1498 586 1540 quoniam
605 1508 715 1529 revera
737 1497 827 1527 citari
845 1496 975 1527 omnino
997 1500 1150 1525 meretur.
1175 1505 1193 1524 ))
1209 1492 1300 1524 Miles
1315 1485 1431 1535 glande
1447 1492 1634 1534 sclopetaris

295 1563 313 1581 ))
330 1551 363 1581 in
384 1557 512 1594 pectore
533 1552 707 1594 perfossus,
733 1550 862 1595 jamjam
884 1550 1059 1581 moriturus
1082 1547 1351 1585 transferebatur3
1373 1546 1540 1578 abundans
1559 1558 1634 1578 san-

295 1604 436 1646 »guinis
468 1605 664 1646 profluvium
694 1604 792 1647 liujus
823 1603 1029 1634 certissimam
1058 1608 1193 1633 mortem
1225 1600 1417 1644 portendere
1445 1600 1634 1633 videbatur:

296 1657 478 1688 »omnibus
506 1657 655 1689 adhibitis
686 1657 834 1689 remediis
868 1656 1100 1699 liaemorrhagia
1132 1656 1247 1688 sensim
1276 1655 1459 1698 sensimque
1492 1655 1634 1687 decrevit

294 1722 313 1742 ³>
329 1716 400 1754 post
425 1716 488 1742 tres
516 1711 591 1742 dies.
622 1711 782 1743 Paulatim
808 1711 989 1754 aegrotantis
1016 1716 1114 1742 status
1141 1711 1174 1741 in
1204 1709 1318 1741 melius
1343 1709 1461 1741 versari
1488 1709 1630 1751 incepit,

293 1775 312 1795 ))
329 1765 516 1807 suppuratio
529 1764 593 1808 jam
610 1764 849 1809 haemorrhagiae
861 1771 1069 1803 successerat,
1082 1764 1237 1796 nonnulla
1253 1765 1404 1795 exierunt
1414 1769 1507 1794 costae
1522 1764 1632 1794 fractae

293 1829 312 1849 ))
329 1819 524 1862 fragmenta,
553 1818 657 1850 tribus
677 1819 806 1851 tandem
830 1819 943 1862 elapsis
966 1819 1142 1859 mensibus,
1171 1818 1288 1850 vulnus
1316 1817 1462 1848 cicatrice
1488 1816 1632 1848 obduce—

294 1884 311 1903 ))
328 1871 436 1912 batur,
455 1879 609 1915 aegrotans
630 1873 793 1906 convaluit
814 1880 847 1905 et
867 1874 963 1906 nullis
983 1873 1132 1916 deinceps
1152 1873 1219 1904 aliis
1234 1871 1459 1910 incommodis,
1482 1871 1541 1902 nisi
1562 1871 1631 1902 fre—

293 1938 311 1958 »
327 1927 440 1970 quenti
461 1927 562 1958 cordis
584 1927 792 1970 palpitatione
816 1928 988 1961 laboravit:
1013 1928 1082 1959 haec
1109 1927 1238 1971 quidem
1265 1937 1327 1969 per·
1348 1931 1411 1957 tres
1431 1936 1529 1955 annos
1553 1935 1634 1967 per-

351 2042 384 2071 (1)
400 2041 490 2064 Omnia
506 2041 549 2064 illa
564 2043 674 2072 exempla
694 2047 778 2066 narrat
798 2043 834 2066 De
847 2043 934 2073 Senac,
953 2044 973 2065 Ι.
994 2043 1029 2070 1.,
1049 2048 1108 2066 [ozn-
1130 2045 1164 2067 11.
1188 2050 1243 2073 pag.
1263 2042 1320 2073 429.

350 2081 519 2110 (2)1bid.,l.
541 2082 578 2110 l.‚
600 2090 655 2113 pag.
676 2084 732 2112 429.

350 2122 382 2151 (3)
398 2122 471 2144 Tom.
493 2122 553 2145 VII.
576 2130 633 2153 pag.
657 2123 712 2152 267,
